2146 4194
254 427 375 480 mx:
445 427 483 468 DE
500 425 678 470 ΙΜΙΤᾹΤΙΟΝΕ
694 426 818 470 CHRISTI
890 429 943 482 [Q
964 447 970 468 ³
996 460 1007 477 ς

256 578 308 621 es:
337 577 439 637 pensa
467 561 553 638 quod
579 561 662 621 velis
691 562 829 623 libenter
857 581 916 639 pro
941 565 1008 625 De«

256 660 318 719 hoc
347 659 520 720 sustinere.
565 660 683 719 Parum
713 660 791 720 satis
821 670 871 720 est
900 671 936 721 ut
958 664 1025 721 vel

256 758 355 816 verba
384 756 546 817 interdum
577 757 757 818 sustineas:
789 758 843 835 qui
869 760 977 819 necdu

257 853 351 915 fortia
372 854 509 915 verbera
537 856 676 915 tolerare
700 856 800 915 vales.
844 855 881 914 Et
909 872 1023 931 quare

233 962 319 1010 stam
336 969 434 1027 parva
448 953 505 1012 tibi
521 954 560 1013 ad
576 971 633 1014 cor
647 963 833 1030 transeunt3
854 953 918 1012 nisi
935 954 991 1030 qui
1015 980 1017 1003 ε
1053 1016 1057 1027 ,

256 1049 361 1109 adhuc
377 1050 516 1110 carnalis
532 1068 578 1126 es,
593 1061 625 1112 et
636 1051 787 1111 homines
800 1050 902 1126 magis
912 1066 977 1127 qua
1008 1067 1017 1107 r
1056 1036 1057 1045 ¹

256 1157 382 1222 oportet
403 1149 570 1208 attendis?
599 1149 681 1209 Nam
705 1149 780 1226 quia
802 1148 925 1224 despici
944 1123 1014 1251 mei
1053 1119 1058 1150 ⁸

256 1245 320 1305 tuis
342 1246 537 1321 reprehendi
560 1263 618 1323 pro
642 1246 833 1306 excessibus
855 1263 920 1305 non
943 1245 1013 1306 vis:
1057 1311 1058 1314 ,

256 1354 287 1402 et
309 1343 555 1403 excusationum
572 1344 760 1404 umbracula
774 1343 915 1421 quaeris.
944 1329 1010 1403 Sed
1055 1350 1059 1413 ξ

221 1458 245 1500 ro
255 1440 380 1517 inspice
402 1451 434 1501 te
456 1441 585 1516 melius,
608 1451 639 1501 et
658 1457 818 1517 agnosces
840 1440 915 1517 quia
929 1440 1007 1500 vivit
1057 1448 1058 1481 l

255 1538 360 1598 adhuc
382 1539 415 1598 in
437 1549 469 1598 te
491 1539 650 1599 mundus:
673 1549 705 1599 et
719 1556 824 1598 vanus
839 1555 929 1598 amor
943 1537 1005 1613 pla·
1058 1601 1059 1604 ,

255 1636 348 1695 cendi
372 1635 570 1696 hominibus.
601 1635 686 1697 Cum
709 1635 797 1695 enim
813 1634 935 1695 bassari
958 1651 1003 1693 re·
1055 1611 1059 1669 i

256 1732 340 1810 fugis
362 1744 394 1793 et
417 1732 572 1793 conlundi
588 1751 646 1809 pro
663 1733 862 1808 defectibus3
884 1740 1003 1792 constat

255 1831 367 1906 utique
390 1830 476 1907 quod
499 1847 559 1891 nec
582 1847 681 1890 verus
703 1829 838 1889 humilis
861 1830 923 1890 sis:
946 1845 1004 1889 nec
1057 1820 1060 1829 '

221 1944 332 1987 revere
354 1928 475 1987 mundo
497 1938 663 2002 mortuus,
691 1943 752 1986 nec
781 1927 923 1987 mundus
950 1925 1004 1985 tibi

254 2024 439 2085 crucifixus.
483 2024 547 2086 Sed
570 2025 643 2084 audi
666 2025 801 2084 verbum
824 2042 950 2086 meum:
975 2034 1006 2082 et

254 2139 319 2182 non
336 2123 465 2183 curabis
481 2123 594 2182 decem
611 2122 700 2182 milia
714 2123 813 2181 verba
829 2123 1006 2182 hominum.

256 2220 338 2279 Ecce
361 2220 388 2278 si
412 2229 527 2280 cuncta
542 2230 654 2281 contra
675 2230 706 2280 te
724 2220 912 2280 dicerentur
926 2235 1007 2296 quae

255 2319 331 2396 fingi
363 2317 620 2379 malitiosissime
652 2328 803 2394 possent;
838 2317 916 2394 quid
951 2315 1006 2376 tibi

218 2425 421 2489 zonocerent,
443 2415 470 2474 si
486 2415 619 2474 omnino
638 2415 777 2474 transire
792 2415 1008 2490 permitteres,

254 2529 315 2572 nec
345 2513 418 2588 plus
447 2529 542 2589 quam
574 2511 732 2572 festucam
762 2511 1009 2588 perpenderes?

256 2608 422 2686 Numquid
454 2610 506 2668 vel
538 2626 638 2669 unum
676 2609 827 2685 capillum
863 2608 920 2669 tibi
957 2624 1009 2668 ex·

254 2708 383 2767 trahere
405 2707 568 2782 possent?
597 2706 661 2766 Sed
683 2706 737 2783 qui
761 2723 817 2765 cor
838 2705 927 2765 intus
944 2722 1009 2764 non

255 2805 351 2864 habet
381 2821 442 2863 nec
473 2804 579 2863 Deum
612 2820 688 2879 prae
720 2803 840 2862 oculis:
873 2802 1011 2862 faciliter

218 2921 244 2962 25
255 2901 354 2962 verbo
370 2911 520 2960 movetur
535 2899 793 2976 vituperationis.
819 2898 884 2976 Qui
901 2909 1008 2960 autem

255 2999 287 3058 in
310 3015 362 3058 me
385 2996 517 3057 confidit
539 3014 599 3057 nec
620 2996 750 3073 proprio
779 2997 899 3056 iudicio
924 3007 1010 3057 stare

254 3097 390 3173 appetit:
406 3096 529 3172 absque
545 3097 688 3154 humano
704 3105 828 3155 terrore
843 3093 915 3154 erit.
945 3093 1011 3171 Ego

255 3195 341 3254 enim
353 3211 426 3253 sum
438 3192 535 3252 iudex
547 3203 578 3252 et
589 3192 736 3268 cognitor
746 3191 890 3251 omnium
904 3209 1012 3252 secre-

254 3302 378 3366 torum3
407 3306 466 3366 ego
496 3290 564 3349 scio
594 3290 734 3366 qualiter
764 3305 817 3348 res
845 3298 917 3347 acta
947 3302 1012 3350 est:

218 3405 314 3464 soego
336 3387 545 3448 iniuriantem
568 3387 644 3446 novi
668 3398 700 3446 et
722 3387 954 3447 sustinentem.
986 3387 1013 3448 Α
1061 3455 1062 3480 ᾖ

255 3502 307 3544 me
330 3485 406 3545 exiit
429 3484 564 3544 verbum
595 3484 698 3558 istud;
728 3501 780 3543 me
802 3483 1014 3559 permittente
1061 3487 1062 3582 l

614 3587 655 3628 rao

1061 3675 1062 3720 t
