2178 4186
242 419 404 473 mm
436 419 475 462 be
491 418 678 462 ELEVATIONE
693 417 807 462 nultus
837 419 1001 474 MS
1062 273 1073 546 A

244 553 407 614 tribulatio
430 563 462 613 et
483 553 632 629 angustia
653 570 753 629 super
769 569 900 613 omnem
923 569 1001 612 con·

244 650 438 712 solationem
473 650 700 711 desiderabilis
740 660 773 711 et
806 651 1001 712 benevento„

244 748 283 808 Et
297 749 361 809 hoc
382 748 592 824 singulariter
606 764 665 823 pro
679 748 805 808 honore
825 757 882 808 tuo
897 747 1002 822 patiar

243 855 276 906 et
296 854 422 922 gratum
445 846 601 920 habeam,
629 861 695 904 non
724 861 878 921 pro-meo
907 844 1000 905 lucro

219 943 427 1019 sampliando
442 943 495 1002 vel
515 942 667 1003 mercede
689 942 806 1018 potiori
828 943 1000 1018 speranda
1072 957 1073 964 ¹

243 1040 358 1101 Meum
379 1041 507 1101 lucrum
523 1040 630 1100 maius
644 1057 710 1100 non
725 1040 769 1100 sit
783 1057 881 1117 quam
896 1040 1000 1100 liben-

242 1149 292 1198 ter
306 1156 364 1215 pro
379 1139 505 1199 honore
519 1147 575 1198 tuo
591 1137 655 1214 pati
671 1147 704 1198 et
718 1154 824 1215 usque
839 1137 879 1198 ad
896 1138 998 1198 imum

242 1235 429 1296 desiderare
460 1236 616 1312 vilipendi
648 1245 681 1296 et
710 1236 869 1297 annullari
902 1246 999 1314 atque

243 1343 435 1395 cunctorum
456 1334 626 1394 hominum
648 1333 813 1411 vestigiis,
839 1335 1001 1394 veraciter

209 1449 233 1489 ιο
242 1431 346 1491 subici
380 1441 414 1492 et
443 1431 613 1491 humiliter
642 1431 818 1492 substerni.
871 1431 1000 1508 infulge

241 1529 331 1590 cordi
363 1547 437 1590 meo
467 1529 589 1590 veritas
622 1546 751 1589 summa
782 1530 873 1590 Deus
905 1545 1000 1589 meus
1073 1583 1074 1598 ἶ

242 1627 297 1687 lux
325 1627 541 1704 sempiterna,
570 1637 605 1687 ut
632 1626 713 1688 mihi
742 1627 805 1703 ipsi
831 1627 1001 1702 vilescam,

242 1741 361 1800 meque
389 1724 585 1801 despiciam,
614 1735 647 1784 et
674 1734 838 1802 tamquam
868 1726 999 1785 exulem
1070 1717 1074 1730 ’

241 1820 450 1897 peregrinum
472 1832 505 1882 et
524 1839 702 1899 pauperem
725 1822 887 1899 ignotum,
915 1823 1001 1883 sicut

207 1939 232 1978 ιε
242 1919 422 1980 solitarium
452 1919 636 1996 neglectum
665 1921 705 1980 ab
733 1919 823 1981 omni
850 1929 1001 1980 creatura

242 2016 391 2076 relictum
420 2033 458 2077 ac
486 2017 574 2077 omni
605 2017 828 2078 consolatione
856 2018 1002 2078 humana
1073 2089 1074 2096 ἵ

241 2113 427 2190 indignum,
455 2113 489 2174 in
511 2115 574 2175 hoc
596 2115 718 2176 mundo
740 2131 793 2175 me
815 2124 945 2174 teneam
969 2125 1001 2175 et

241 2221 370 2287 praeter
397 2211 431 2270 in
458 2221 490 2271 te
512 2228 605 2288 spem
635 2221 667 2272 et
694 2212 853 2272 solacium
882 2213 1000 2272 nullibi

241 2324 406 2384 quaeram,
416 2307 475 2368 sed
485 2325 538 2368 me
548 2318 712 2386 tamquam
724 2319 888 2370 mortuum
900 2327 1002 2385 super

205 2415 362 2465 anterram
392 2414 424 2464 et
454 2405 575 2466 mundo
605 2407 770 2482 sepultum
802 2407 1001 2482 existimem,

241 2502 336 2562 cuius
365 2502 522 2563 memoria
550 2503 614 2562 iam
643 2503 699 2564 diu
724 2504 909 2580 praeteriit,
938 2521 1001 2564 nec

241 2610 292 2660 est
321 2599 471 2660 invenire
497 2600 583 2660 aliud
614 2600 808 2678 vestigium,
837 2601 902 2661 nisi
934 2601 1001 2662 vile

241 2697 346 2757 latens
374 2697 435 2757 sub
463 2705 550 2758 terra
578 2699 800 2774 sepulchrum.
843 2698 892 2758 Da
918 2697 1001 2758 mihi
1074 2703 1075 2706 ’

242 2804 374 2855 aeterna
383 2793 543 2871 sapientia
552 2795 657 2856 Patris
665 2797 746 2856 haec
755 2795 879 2856 intenta
888 2805 1001 2855 mente

205 2892 374 2968 assaepius
402 2893 621 2970 percogitare,
649 2903 681 2954 et
708 2891 919 2953 considerare
944 2910 1001 2953 no·

241 2988 1000 3067 vissimameasemperetadluturumiudicium

242 3103 506 3162 mepraeparare,
517 3088 700 3164 faciemque
709 3096 796 3148 tuam
805 3087 999 3163 praevenire

242 3184 395 3260 precibus
417 3193 448 3245 et
470 3184 631 3245 lamentis.

579 3359 661 3414 883
