2138 4196
89 483 194 537 &m
239 485 385 529 CAPITVLX
403 486 482 529 LIBRI
498 485 665 541 SEQVEN'IIS
710 489 831 543 m

90 615 117 658 lie
124 618 233 660 evitatione
240 619 344 661 curiosae
355 619 509 672 inquisitionis
520 631 590 674 super
599 621 691 664 alterius

134 690 175 730 vita
186 719 692 736 ...............
745 691 829 734 XXIIII

89 757 109 800 Iu
122 761 197 812 quibus
215 761 279 802 flrma
298 773 341 814 pax
360 761 436 803 cordis
455 769 476 804 et
495 773 562 804 verus
578 763 691 817 profectus

132 833 229 874 consistit
254 863 690 876 .............
773 833 830 877 XXV

89 899 116 942 Ile
123 903 237 944 ennlnentla
246 902 329 945 liberae
339 904 421 945 mentis
431 915 497 957 quam
513 906 610 958 supplex
620 907 691 947 oratio
838 905 852 945 5

131 975 197 1027 magle
213 982 312 1017 meretur
325 987 392 1028 quant
407 975 473 1017 lectlo
503 1005 688 1018 ......
760 974 828 1018 XXVI

87 1049 143 1103 Quod
158 1055 258 1107 privatus
272 1066 337 1096 annor
350 1067 362 1097 a
377 1067 469 1097 summo
482 1057 540 1097 bono
551 1057 647 1098 maxime
659 1067 691 1098 re-

129 1125 196 1168 tardat
217 1156 689 1169 ..............
749 1125 828 1170 XXVII

87 1193 159 1237 Contra
172 1197 260 1249 linguas
275 1197 447 1239 obtrectatorum
469 1227 688 1239 .......
738 1195 828 1241 XXVIII

86 1265 177 1318 Qualiter
195 1269 292 1310 instante
311 1267 454 1310 tribulatione
470 1267 533 1310 Deus
553 1267 691 1310 invocandus
841 1260 865 1301 ¹⁰

129 1347 161 1379 cst
173 1346 195 1380 et
208 1339 374 1381 benedicendus
396 1370 688 1382 .........
760 1338 829 1382 XXIX

23 1415 24 1426 ¹
86 1404 113 1448 De
128 1407 202 1450 divino
221 1409 318 1462 petendo
337 1411 422 1452 auxillo
441 1420 462 1452 et
480 1409 613 1453 confidentia
630 1422 690 1452 recu·

130 1480 235 1532 perandae
250 1482 333 1534 gratiae
359 1512 687 1524 ..........
771 1481 829 1525 XXX

86 1554 113 1598 De
128 1559 222 1611 neglectu
242 1560 319 1602 omnis
338 1570 451 1604 creaturae
470 1570 495 1603 ut
513 1569 599 1604 creator
617 1563 690 1614 poenit

131 1630 222 1672 lnvenIri
255 1659 691 1672 .............
760 1629 827 1674 XXXI
840 1624 864 1665 ¹⁵

86 1699 113 1742 lie
125 1703 265 1756 abnegatione
280 1705 315 1746 sul
332 1711 352 1745 et
366 1703 505 1745 abdicatione
519 1704 595 1744 omnis
605 1701 691 1755 cupldl-

129 1776 177 1816 tatls
217 1805 688 1817 ..............
748 1771 827 1815 XXXII

86 1841 113 1884 lle
126 1845 265 1888 instabilitate
279 1846 354 1888 cordis
369 1855 390 1888 et
405 1846 432 1888 de
447 1847 568 1888 Intentlone
588 1844 647 1886 flnall
663 1844 690 1886 ad

132 1915 200 1958 Deum
215 1916 315 1958 habenda
735 1913 827 1955 XXXIII

85 1991 143 2045 Quod
162 1995 244 2037 amanti
266 1996 326 2049 sapit
349 1995 410 2037 Deus
434 2007 504 2049 super
526 1997 602 2037 omnia
625 2003 645 2036 et
667 1996 689 2037 in
837 1989 865 2031 2⁰

130 2067 231 2108 omnlbue
254 2096 688 2109 .............
723 2063 827 2106 XXXIIII

85 2131 143 2184 Quod
156 2148 199 2177 non
209 2145 244 2178 est
254 2139 363 2178 securitas
377 2138 543 2189 atemptatione
558 2137 580 2177 ln
596 2137 636 2177 hac
646 2137 691 2177 vita
751 2135 829 2178 XXXV

86 2202 158 2248 Contra
173 2219 228 2250 vana
243 2208 360 2250 bominum
376 2208 458 2249 ludcha
504 2237 689 2249 ......
741 2205 827 2248 XXXVI

86 2273 115 2316 Ile
127 2289 178 2330 pura
192 2287 213 2320 et
228 2279 313 2331 Integra
327 2279 477 2331 resignatione
496 2279 532 2319 eui
548 2278 575 2320 ad
590 2280 690 2332 optinen-

130 2348 177 2390 dam
191 2349 268 2391 cordIs
283 2349 405 2393 libertatem
433 2379 689 2392 ........
728 2349 826 2410 XXXVII
837 2345 865 2386 25

87 2415 114 2458 Ile
122 2419 175 2461 bono
186 2421 294 2473 regImine
304 2422 326 2462 ln
337 2422 434 2463 externis
444 2431 466 2463 et
476 2433 568 2464 recursu
579 2422 606 2463 ad
618 2421 690 2463 Deum

131 2491 150 2531 ln
165 2491 273 2544 perloulls
288 2522 687 2535 ............
717 2490 827 2534 XXXVIII

86 2565 144 2619 Quod
158 2571 223 2613 homo
236 2583 283 2614 non
298 2574 328 2614 slt
343 2574 485 2626 importunus
502 2574 524 2614 ln
539 2573 652 2625 negotiis.
675 2577 688 2614 ¹.
738 2570 827 2613 XXXIX

85 2636 143 2689 Quod
157 2642 223 2684 homo
238 2642 294 2684 nihll
309 2644 361 2684 boni
376 2655 402 2685 ex
420 2655 445 2685 se
460 2643 523 2685 habet
542 2652 563 2685 et
581 2643 609 2685 de
628 2642 690 2684 nullo

130 2711 215 2763 gloriari
231 2722 304 2767 potest
326 2744 688 2756 ...........
791 2712 828 2754 XL
837 2710 865 2750 30

86 2777 115 2821 De
126 2791 249 2837 contemptu
264 2785 339 2825 omnis
354 2785 484 2838 temporaIIs
500 2785 616 2826 honorIs.
646 2815 651 2826 .
682 2816 686 2826 .
779 2784 826 2826 XLI

85 2848 144 2902 Quod
158 2866 198 2907 pax
213 2866 257 2897 non
272 2864 306 2898 et
322 2855 423 2908 ponenda
439 2857 461 2897 ln
476 2856 607 2897 itomInlbus
648 2886 652 2896 .
684 2886 688 2896 .
767 2853 826 2896 XLII

86 2919 161 2966 Contra
174 2938 252 2968 vanam
267 2934 288 2968 et
303 2927 440 2968 saecularem
455 2927 571 2968 sciendam
612 2957 617 2968 .
648 2957 652 2968 .
683 2958 688 2968 .
755 2924 826 2967 XLlll

86 2991 168 3037 Denon
182 2997 311 3039 attrahendo
326 2997 370 3038 sibl
386 3009 422 3039 res
436 2998 581 3039 exterIores.
612 3027 617 3038 .
647 3028 652 3039 .
683 3029 687 3038 .
744 2995 826 3037 XLIIII

85 3062 145 3116 Quod
159 3070 262 3111 omnibus
278 3080 322 3110 non
337 3077 371 3110 est
386 3068 534 3120 credendum,
550 3075 570 3110 et
585 3068 612 3110 de
630 3068 689 3110 facili
836 3066 864 3107 35

132 3135 193 3190 lapsu
209 3141 328 3182 verborum
362 3169 387 3191 .,
397 3169 688 3181 .........
771 3136 828 3179 XLV

86 3211 115 3254 Ile
127 3217 255 3260 confidentia
265 3220 288 3260 in
300 3218 348 3260 Deo
359 3218 458 3260 habenda
472 3219 561 3272 quando
572 3219 690 3269 Insurgunt

132 3288 245 3330 verborum
261 3288 333 3330 laculo
361 3318 688 3331 ..........
760 3286 826 3329 XLVI

84 3352 146 3407 Quod
155 3361 226 3400 omnia
236 3361 312 3412 gravia
320 3371 361 3412 pro
368 3367 456 3401 aeterna
464 3361 508 3402 vita
516 3368 568 3400 sunt
576 3359 689 3401 toleranda
747 3357 826 3400 XLVII

85 3424 114 3467 De
127 3428 162 3470 die
175 3431 309 3472 aeternitatis
324 3438 344 3472 et
360 3429 429 3471 huius
444 3432 501 3472 vitae
515 3431 625 3483 angustiis
646 3461 651 3472 .
681 3461 687 3472 .
736 3427 826 3471 XLVlll
836 3428 863 3468 40

86 3495 114 3538 Ile
127 3498 234 3542 desiderio
249 3509 350 3542 aeternae
368 3502 425 3542 ultae
444 3509 464 3542 et
483 3509 563 3554 quanta
582 3501 628 3542 sint
644 3513 689 3543 cer·

131 3571 224 3612 tanthus
239 3573 296 3613 bona
312 3572 425 3624 protnIssa
467 3602 687 3614 .......
758 3570 827 3612 XLIX

427 3649 461 3690 iat
