2138 4196
240 596 406 657 tellectum
422 605 571 670 superat:
588 597 651 656 hoc
665 597 851 672 specialiter
865 596 1000 657 devoto·
1061 607 1062 618 ¹

240 710 313 752 rum
342 693 439 752 corda
467 694 565 754 trahit
597 703 628 754 et
656 695 804 755 accendit
832 694 998 756 affectum.

241 791 305 867 Ipsi
322 791 409 851 enim
426 791 495 851 veri
512 790 626 851 fideles
641 792 698 868 tui,
713 792 769 868 qui
782 802 881 853 totam
898 793 998 854 vitam
1061 793 1062 888 l

139 965 144 976 Ι
239 904 332 948 suam
364 889 403 948 ad
435 889 696 949 emendationem
727 889 924 966 disponunt:
957 907 998 950 ex
1061 913 1062 970 l

217 986 302 1045 shoc
324 986 516 1063 dignissimo
545 996 748 1048 sacramento
771 989 921 1065 magnam
944 989 999 1048 de·
1061 975 1062 1056 ἶ

240 1084 381 1144 votionis
403 1084 537 1160 gratiam
560 1094 592 1144 et
613 1084 742 1145 virtutis
766 1103 911 1146 amorem
934 1086 998 1146 ire-

240 1191 378 1258 quenter
400 1181 570 1257 recipiunt.
1061 1247 1062 1264 χ

281 1278 310 1341 0
326 1279 525 1339 admirabilis
541 1290 573 1340 et
582 1280 770 1340 abscondita
779 1281 881 1357 gratia
892 1297 999 1340 sacra·

240 1376 722 1453 menti;quamnorunttantum
732 1377 857 1440 Christi
867 1378 998 1439 fideles:

206 1489 230 1530 ro
240 1473 390 1534 infideles
412 1485 520 1535 autem
536 1485 568 1536 et
583 1476 725 1552 peccatis
743 1477 927 1536 servientes
943 1493 998 1536 ex-

240 1571 339 1649 periri
362 1589 427 1631 non
450 1582 597 1647 possunt.
641 1573 676 1632 In
701 1574 763 1632 hoc
792 1582 998 1634 sacramento
1061 1589 1062 1681 p

240 1668 408 1729 confertur
430 1669 608 1745 spiritualis
629 1670 746 1746 gratia3
775 1680 807 1731 et
829 1680 999 1748 reparatur

240 1765 273 1825 in
295 1766 403 1825 anima
424 1766 528 1827 virtus
550 1767 685 1828 amissa:
708 1779 740 1829 et
754 1786 812 1845 per
826 1780 997 1845 peccatum

239 463 360 515 &w
432 461 666 506 DElMlTATlONE
681 463 805 506 CHRISTI
877 465 1000 517 &RQ

240 1863 419 1925 deformata
448 1864 530 1924 redit
559 1865 775 1940 pulchritudo.
817 1864 919 1928 Tanta
948 1878 999 1928 est

206 1961 413 2037 rsaliquando
436 1963 516 2021 haec
537 1963 654 2039 gratia:
676 1972 711 2023 ut
733 1981 773 2024 ex
794 1964 998 2040 plenitudine

240 2059 375 2120 collatae
397 2060 580 2120 devotionis
601 2079 666 2121 non
688 2073 811 2122 tantum
827 2078 923 2122 mens
939 2063 999 2122 sed

240 2168 272 2218 et
280 2157 386 2217 debile
397 2175 516 2233 corpus
525 2159 613 2219 vires
623 2159 684 2218 sibi
697 2159 868 2234 praestitas
879 2160 999 2220 sentiat

240 2255 424 2330 ampliores.

281 2353 466 2413 Dolendum
488 2363 596 2414 tamen
612 2354 705 2414 valde
727 2363 758 2414 et
774 2353 997 2414 miserandum

203 2468 340 2527 aosuper
369 2451 535 2528 tepiditate
571 2461 603 2512 et
633 2451 839 2528 neglegentia
869 2462 998 2526 nostra3

239 2549 326 2625 quod
348 2565 413 2608 non
436 2549 550 2608 maiori
572 2549 745 2609 affectione
774 2549 936 2609 trahimur
958 2549 997 2608 ad

241 2646 412 2708 Christum
434 2647 647 2707 sumendum:
677 2646 710 2706 in
738 2663 803 2722 quo
832 2656 899 2706 tota
920 2663 998 2724 spes

240 2745 469 2805 salvandorum
492 2744 642 2805 consistit
663 2754 695 2804 et
717 2745 878 2805 meritum.
924 2745 998 2823 lpse

240 2843 327 2902 enim
344 2852 394 2902 est
409 2841 621 2902 sanctificatio
636 2851 747 2902 nostra
760 2852 791 2902 et
801 2841 997 2919 redemptio:

204 2939 311 3015 esipse
342 2939 521 3000 consolatio
552 2940 711 3000 viatorum
746 2949 778 3000 et
808 2950 997 3001 sanctorum

240 3046 372 3097 aeterna
394 3036 514 3098 lruitio.
557 3036 742 3097 Dolendum
771 3036 880 3113 itaque
903 3037 998 3096 valde
1061 3029 1062 3048 ¹

240 3134 326 3210 quod
349 3134 441 3194 multi
463 3143 527 3194 tarn
550 3152 664 3211 parum
687 3134 748 3194 hoc
771 3134 913 3194 salutare
929 3151 998 3211 my·
1061 3132 1062 3206 l

240 3232 376 3291 sterium
392 3232 580 3292 advertunt:
596 3232 682 3309 quod
698 3232 824 3292 caelum
835 3230 998 3306 laetificat,
1061 3255 1062 3308 p

241 3337 272 3388 et
294 3329 450 3388 mundum
480 3339 653 3389 conservat
676 3330 877 3389 universum.
922 3328 998 3388 Heu
1061 3315 1062 3364 ³

204 3426 380 3486 socaecitas
409 3436 441 3485 et
469 3426 586 3486 duritia
615 3426 723 3486 cordis
751 3425 904 3501 humani,
932 3435 997 3485 tam

240 3522 405 3582 ineffabile
434 3523 555 3582 donum
585 3539 651 3582 non
680 3522 782 3599 magis
812 3522 998 3582 attendere:
1061 3571 1062 3580 ,
