2142 4194
84 579 250 654 scientiam
272 603 427 654 servaret.
457 593 486 654 Ο
503 593 557 670 qui
574 609 704 653 omnem
721 611 836 653 vanam

84 690 335 752 sollicitudinem
372 699 571 767 amputaret,
606 702 639 752 et
672 692 838 752 dumtaxat

85 789 233 849 salutaria
264 807 301 848 ac
333 789 442 849 divina
473 790 645 866 cogitaret,
676 799 708 850 et
738 799 836 850 totam

84 905 171 964 spem
201 904 294 947 suam
324 887 358 946 in
382 887 452 947 Deo
482 887 711 949 constitueret:
741 905 836 964 quam

84 1003 229 1061 magnam
262 1001 375 1060 pacem
407 994 440 1044 et
470 983 613 1060 quietem
645 985 860 1061 possiderets

86 1083 187 1143 Nemo
218 1082 336 1158 dignus
365 1091 415 1142 est
437 1083 569 1143 caelesti
597 1083 837 1144 consolatione:

84 1181 144 1241 nisi
175 1179 349 1256 diligenter
379 1197 416 1240 se
447 1181 632 1241 exercuerit
662 1179 695 1240 in
726 1191 838 1241 sancta

85 1277 344 1355 compunctione.
386 1277 420 1338 Si
450 1277 501 1337 vis
530 1278 726 1338 cordetenus
751 1296 837 1338 com·

84 1377 197 1453 pungi3
226 1375 312 1435 intra
331 1375 438 1434 cubile
461 1384 552 1434 tuum
577 1385 609 1435 et
631 1377 767 1436 exclude
790 1387 838 1437 tu-

83 1475 205 1535 multus
233 1472 364 1534 mundi:
392 1471 478 1532 sicut
506 1472 663 1548 scriptum
694 1484 753 1534 est.
801 1476 874 1534 lnro

82 1572 245 1632 cubilibus
259 1569 379 1632 vestris
394 1569 661 1646 compungimini.
698 1572 733 1631 ln
756 1573 839 1633 cella
899 1637 901 1640 ,

81 1669 250 1730 invenies:
279 1668 366 1745 quod
389 1666 512 1727 deforis
541 1669 673 1744 saepius
699 1669 837 1730 amittes.

81 1769 176 1830 Cella
192 1766 379 1827 continuata
394 1764 569 1825 dulcescit:
585 1776 617 1826 et
632 1769 716 1827 male
731 1778 838 1828 custo-

8 1869 10 1892 '
80 1865 147 1926 dita
177 1864 320 1925 taedium
351 1873 494 1939 generat.
546 1863 580 1924 Si
612 1864 645 1925 in
677 1865 837 1942 principio

80 1961 310 2024 conversionis
340 1969 415 2021 tuae
445 1962 530 2021 bene
559 1979 630 2021 eam
660 1963 838 2023 incolueris
849 1983 874 2024 15

79 2072 112 2122 et
143 2059 360 2121 custodieris:
392 2057 454 2118 erit
484 2058 541 2118 tibi
573 2069 686 2134 postea
721 2060 839 2122 dilecta

79 2159 185 2219 amica
214 2168 247 2218 et
274 2157 496 2233 gratissimum
519 2158 687 2218 solacium.
731 2159 767 2219 ln
796 2159 839 2218 si·

80 2256 182 2316 lentio
206 2265 238 2316 et
259 2254 370 2331 quiete
392 2255 521 2331 prolicit
542 2256 650 2316 anima
669 2257 785 2316 devota
807 2266 839 2317 et

79 2353 177 2414 discit
188 2351 379 2412 abscondita
392 2352 643 2429 scripturarum:
658 2353 702 2414 ibi
714 2354 839 2414 invenit

79 2451 204 2511 lluenta
218 2449 437 2525 lacrimarum,
453 2450 572 2526 quibus
587 2451 726 2527 singulis
738 2451 838 2512 nocti·
848 2469 875 2510 oo

8 2621 13 2640 b
77 2550 140 2609 bus
163 2565 202 2608 se
225 2548 312 2607 lavet
327 2556 359 2607 et
373 2548 525 2624 mundet3
547 2557 582 2608 ut
597 2549 756 2609 conditori
778 2567 838 2610 suo

78 2656 167 2707 tanto
193 2645 384 2706 familiarior
406 2645 477 2705 liat:
505 2656 626 2722 quanto
648 2647 778 2723 longius
799 2649 838 2708 ab

78 2745 168 2806 omni
193 2743 354 2804 saeculari
377 2743 517 2803 tumultu
540 2743 636 2819 degit.
673 2744 738 2821 Qui
762 2762 838 2821 ergo

78 2860 114 2902 se
125 2839 286 2902 abstrahit
297 2841 411 2901 anotis
423 2849 455 2901 et
465 2840 593 2901 amicis:
604 2843 839 2918 approximabit

79 2939 125 2998 illi
143 2941 237 3000 Deus
253 2955 328 2998 cum
344 2937 470 3014 angelis
490 2937 621 2998 sanctis.
651 2939 774 2999 illelius
789 2949 875 3000 estas

78 3037 191 3112 latere,
214 3045 247 3095 et
268 3034 320 3094 sui
337 3052 447 3095 curam
463 3052 576 3111 agere:
599 3053 694 3112 quam
711 3054 747 3096 se
762 3055 839 3114 neg-

78 3134 164 3194 lecto
189 3134 284 3210 signa
305 3133 424 3194 lacere.
452 3132 626 3193 Laudabile
648 3143 698 3193 est
713 3134 838 3194 homini

79 3232 253 3308 religioso,
283 3248 355 3291 raro
379 3232 466 3292 foras
487 3231 554 3307 ire,
583 3231 696 3307 lugere
718 3231 838 3292 videri:

79 3330 167 3389 nolle
197 3329 295 3389 etiam
325 3331 478 3390 homines
506 3329 628 3390 videre.
671 3329 760 3406 Quid
788 3330 839 3389 vis

81 3427 193 3488 videre
201 3447 210 3505 ;
233 3429 320 3504 quod
343 3445 409 3487 non
432 3428 508 3488 licet
530 3427 678 3487 habere?
710 3425 875 3488 Transitso

83 3527 223 3586 mundus
246 3536 279 3586 et
294 3523 561 3600 concupiscentia
576 3525 658 3585 eius.
693 3523 839 3584 Trahunt

446 3627 472 3670 ³7
