2178 4186
274 453 313 498 DE
329 453 566 499 RECOGNITIONE
581 455 731 500 PROPRlllE
747 455 956 502 lnnclblmls

235 589 380 651 Aiilictio
396 609 478 668 mea,
500 592 570 652 laus
592 602 647 654 tua
666 592 710 653 sit
723 603 756 655 et
769 593 880 670 gloria
910 594 992 657 Glo-

235 688 310 749 riari
334 689 421 751 enim
438 707 490 750 me
505 699 632 767 oportet
646 692 709 751 hoc
724 692 820 752 modo
842 691 876 752 in
891 709 992 754 cruce

235 786 367 847 Domini
383 787 447 848 mei
465 788 539 848 lesu
556 787 692 849 Christi.
715 789 819 850 Duret
838 798 870 849 et
884 791 993 852 valeat

234 883 326 943 dolor
341 901 451 944 meus:
473 896 630 962 quantum
645 885 702 946 tibi
719 886 886 961 placuerit.
909 888 991 948 Lau·

210 981 307 1041 sdem
330 991 418 1041 tuam
441 981 540 1059 imple
562 982 680 1044 inme:
702 983 772 1044 scio
794 984 880 1045 enim
902 986 990 1062 quod

233 1078 314 1138 nihil
326 1078 446 1140 iniuste
457 1095 554 1156 agere
562 1089 665 1156 potes.
681 1080 888 1142 Voluntatem
899 1091 988 1143 tuam

233 1186 265 1237 et
294 1193 459 1237 summum
489 1178 748 1255 beneplacitum,
776 1187 850 1256 peto
879 1179 913 1240 in
936 1197 989 1240 me

207 1347 211 1358 Ι
233 1272 344 1349 perlici
356 1290 461 1350 usque
476 1274 510 1334 in
524 1274 632 1335 linem.
655 1275 785 1338 Gaudio
801 1276 876 1337 dixi.
900 1277 989 1354 Quid
1075 1315 1077 1333 .

232 1381 266 1431 tu
295 1371 375 1432 mihi
405 1372 478 1432 sine
502 1373 576 1433 lesu
604 1373 737 1434 salutari
760 1375 861 1435 meo?
903 1375 989 1435 Nolo
1076 1373 1077 1380 ’

198 1469 266 1530 ιοὶη
289 1486 341 1529 me
363 1470 493 1530 venias:
515 1469 578 1530 nisi
601 1470 718 1532 dixerit
742 1471 844 1531 lesus.
887 1471 993 1531 Dolor.

232 1567 311 1628 mihi
331 1568 458 1629 dulcior
473 1579 523 1629 est
538 1578 570 1629 et
585 1569 656 1645 erit,
671 1586 768 1646 quam
783 1577 834 1629 tu:
856 1578 990 1644 propter

233 1666 341 1726 Iesum
357 1665 412 1742 qui
429 1665 568 1743 diligens
584 1683 637 1728 me
652 1665 776 1743 aflligit.
799 1666 881 1726 Nam
897 1667 988 1726 salus
1076 1669 1077 1676 ’

231 1762 285 1822 ubi
303 1780 392 1825 crux.
423 1764 461 1824 Et
475 1764 669 1841 plerumque
684 1764 745 1824 sub
760 1762 876 1840 gaudio
892 1763 988 1823 dolus

232 1870 283 1920 est
298 1861 462 1921 occultus:
485 1872 517 1922 et
532 1862 619 1922 risus
634 1861 755 1939 decipit
769 1861 899 1922 multos.
929 1861 989 1922 Vir

197 1967 339 2018 rsautem
360 1958 504 2034 'sapiens
535 1959 589 2020 vix
619 1958 716 2021 tacite
747 1958 880 2035 ridebit;
911 1975 987 2018 nam

232 2053 340 2115 lutura
364 2065 516 2116 metuens
545 2057 644 2117 mala:
675 2055 861 2118 considerat
889 2073 987 2133 quam
1076 2061 1078 2124 ’,

231 2151 294 2212 cito
310 2153 394 2213 laeta
409 2152 570 2214 labuntur.
601 2153 679 2213 Plus
693 2164 726 2215 te
740 2170 875 2231 gravare
890 2154 988 2214 debet
1077 2163 1078 2184 ¹

230 2249 325 2325 culpa
352 2249 544 2310 commissa:
572 2268 668 2328 quam
696 2252 860 2328 quaelibet
880 2269 987 2329 poena

230 2346 361 2407 inllicta.
404 2347 443 2407 Et
460 2347 488 2407 si
504 2358 723 2410 remurmurat
744 2367 820 2410 caro
841 2350 986 2410 infirma:

192 2442 364 2518 mspiritus
391 2453 501 2504 tamen
529 2443 626 2506 debet
653 2461 728 2506 esse
754 2458 924 2524 promptus
945 2449 986 2508 ad

230 2540 339 2601 omnia
370 2541 512 2603 ierenda.
557 2543 668 2620 ltaque
690 2543 789 2604 dicae.
833 2544 988 2605 Libenter

231 2639 371 2700 Domine
386 2640 520 2716 portabo
535 2641 658 2717 virgam
674 2652 762 2701 tuam
778 2658 837 2718 per
849 2642 985 2719 gratiam
1076 2670 1078 2673 ·

228 2745 333 2796 tuam:
370 2746 401 2797 et
431 2737 587 2814 quicquid
622 2737 810 2814 patiendum
845 2749 896 2800 est
926 2757 987 2817 pro

229 2834 334 2894 salute
356 2851 429 2894 mea
450 2845 591 2896 aeterna.
628 2835 734 2896 Multo
756 2836 843 2897 enim
866 2837 988 2898 melius

192 2946 266 2992 abac
289 2930 395 2992 levius
417 2941 467 2993 est
484 2933 580 2992 modo
603 2949 676 2993 cum
699 2933 796 2994 bonis
817 2945 849 2995 et
870 2935 988 2996 electis

229 3028 346 3105 afiligi:
375 3046 472 3106 quam
495 3040 608 3107 postea
636 3048 709 3092 cum
733 3031 828 3092 malis
851 3041 987 3094 aeterno

206 3125 303 3201 igne
326 3126 473 3187 cremari.
510 3127 587 3188 Esto
609 3128 707 3205 igitur
727 3145 866 3190 severus
886 3128 987 3190 iudex

229 3223 261 3281 in
284 3224 414 3300 propria
435 3242 550 3285 causa:
572 3234 607 3286 ut
627 3225 718 3286 Deus
739 3225 798 3286 tibi
821 3226 987 3302 indulgeat
1076 3231 1078 3264 ⁴

229 3318 383 3381 ‘universa
405 3322 489 3382 mala
518 3321 704 3383 commissa.
747 3323 808 3384 Dei
837 3323 985 3384 enimes

192 3429 377 3482 oocreatura
391 3419 488 3480 etiam
511 3436 586 3479 cum
602 3435 737 3496 peccas3
758 3420 897 3496 ideoque
915 3437 986 3480 cor·

228 3514 364 3575 rectioni
395 3515 467 3574 eius
496 3525 528 3575 te
556 3516 725 3577 humiliter
750 3517 921 3578 submitte:
950 3529 986 3578 ut

586 3619 628 3661 alo
