2142 4194
222 471 343 523 &w
414 469 453 511 DE
469 469 647 512 lMlTATlONE
663 469 787 512 CHRISTI
858 471 983 522 QX&

223 611 335 663 natus:
364 602 440 678 quia
462 603 553 662 Deus
575 603 644 663 vult
665 619 726 662 nos
748 603 809 662 sibi
832 603 981 679 perfecte

223 698 345 774 subici,
373 708 405 758 et
427 715 557 761 omnem
588 700 746 761 rationem
773 718 832 776 per
853 700 981 762 inllam-

223 807 344 858 matum
368 814 511 857 amorem
534 797 776 858 transcendere.

224 993 280 1054 DE
289 994 507 1056 OPERIBVS
519 994 574 1054 EX
584 992 802 1056 CARITATE
814 993 980 1056 FACTIS.

199 1166 212 1206 5
462 1149 668 1199 CAPITVLVM
685 1151 740 1199 XV.

222 1227 381 1445 Q&
403 1287 492 1346 nulla
514 1304 549 1346 re
571 1287 695 1362 mundi,
718 1295 751 1346 et
772 1303 830 1362 pro
854 1287 980 1347 nullius

229 1375 245 1434 l
351 1385 494 1445 hominis
516 1385 690 1446 dilectione
710 1384 839 1460 aliquod
855 1384 978 1445 malum

222 1491 272 1541 est
301 1482 503 1559 faciendum3
532 1483 591 1543 sed
618 1501 676 1559 pro
705 1483 843 1544 utilitate
867 1491 978 1543 tamen

222 1580 408 1657 indigentis,
430 1599 513 1657 opus
535 1583 656 1642 bonum
679 1581 781 1641 libere
803 1579 978 1656 aliquando

188 1700 212 1739 ιο
222 1678 502 1739 intermittendum
518 1688 581 1738 est:
597 1687 652 1739 aut
666 1677 762 1738 etiam
774 1695 832 1754 pro
848 1677 978 1737 meliori

221 1777 422 1837 mutandum.
452 1778 525 1836 Hoc
547 1777 634 1837 eninr
652 1776 736 1836 lacto
756 1793 839 1852 opus
854 1775 977 1834 bonum

221 1891 286 1934 non
299 1874 489 1935 destruitur:
505 1876 564 1936 sed
575 1875 608 1935 in
619 1873 738 1935 melius
749 1880 978 1932 commutatur.

222 1970 300 2032 Sine
312 1972 444 2033 caritate
455 1990 537 2050 opus
548 1982 718 2034 externum
734 1969 815 2030 nihil
827 1969 979 2046 prodest3

221 2066 979 2146 quidquidautemexcaritateagiturquantum-

187 2190 212 2230 15
222 2185 362 2244 cumque
385 2169 481 2228 etiam
498 2184 632 2243 parvum
655 2165 698 2226 sit
718 2174 750 2225 et
768 2165 978 2240 despectum:

221 2274 323 2325 totum
347 2266 550 2327 fructuosum
573 2262 723 2323 eflicitur.
753 2263 859 2339 Magis
874 2261 979 2338 siqui-

221 2362 294 2422 dem
324 2363 414 2423 Deus
443 2371 558 2439 pensat
586 2379 625 2422 ex
652 2371 772 2437 quanto
797 2360 870 2437 quis
895 2360 977 2436 agit:

221 2477 317 2536 quam
347 2478 429 2536 opus
461 2460 547 2538 quod
576 2459 662 2519 lacit.
711 2452 852 2519 Multum
882 2458 977 2520 lacit:

221 2556 276 2633 qui
305 2558 442 2617 multum
472 2557 584 2634 diligit.
626 2557 767 2617 Multum
785 2556 889 2617 lacit:
918 2558 976 2634 qui

184 2672 289 2720 2orem
319 2655 403 2714 bene
432 2654 518 2715 facit.
561 2654 652 2713 Bene
681 2653 773 2714 lacit:
802 2653 857 2730 qui
886 2671 978 2714 corn-

220 2753 368 2813 munitati
391 2753 493 2829 magis
515 2769 611 2828 quam
635 2768 714 2811 suae
733 2750 890 2811 voluntati
906 2769 978 2812 ser-

219 2850 275 2910 vit.
318 2849 422 2925 Saepe
450 2850 579 2910 videtur
607 2866 682 2910 esse
708 2848 842 2922 caritas,
870 2858 902 2908 et
924 2859 978 2910 est

220 2945 322 3022 magis
338 2945 522 3006 carnalitas:
538 2946 615 3024 quia
628 2937 785 3006 naturalis
796 2946 977 3023 inclinatio,

219 3044 350 3120 propria
370 3044 538 3118 voluntas,
567 3061 643 3119 spes
665 3044 907 3120 retributioniS,
928 3046 977 3106 af·

183 3142 325 3210 25fectus
348 3140 596 3217 commoditatis,
618 3158 690 3201 raro
712 3143 828 3202 abesse
850 3144 977 3204 volunt.

220 3240 286 3317 Qui
308 3257 418 3300 veram
442 3249 473 3300 et
494 3239 671 3315 perfectam
688 3239 853 3300 caritatem
876 3241 977 3301 habet

218 3338 251 3398 in
276 3340 365 3399 nulla
393 3356 428 3399 re
457 3354 493 3397 se
521 3337 628 3414 ipsum
658 3338 799 3414 quaerit:
829 3338 888 3398 sed
911 3338 974 3400 Dei

219 3437 423 3497 solummodo
445 3436 580 3513 gloriam
603 3435 636 3496 in
658 3436 811 3496 omnibus
827 3435 896 3496 fieri
919 3436 977 3496 de·

218 3533 348 3594 siderat.
378 3534 467 3594 Nulli
484 3534 580 3595 etiam
600 3533 735 3610 invidet,
756 3535 832 3610 quia
846 3535 975 3595 nullum

581 3639 609 3681 no
