2178 4186
234 446 395 499 mm
443 445 482 488 DE
497 445 703 490 MORTIFlCATA
717 447 785 491 VITA
831 449 995 502 &m

236 579 351 640 humili
380 579 573 640 sufferentia
601 581 712 641 oneris
737 581 862 644 Christi
885 583 993 644 vinco.

236 677 324 754 Quid
344 677 425 737 mihi
447 679 590 754 prodest,
612 680 698 755 quod
720 679 992 756 impedimentum
1069 695 1070 698 ’

235 791 345 835 meum
376 774 468 835 alteri
501 774 661 852 impono?
713 775 747 837 Si
783 777 835 837 ius
870 779 994 854 habeo;

234 873 356 933 bonum
379 881 430 932 est
446 871 526 931 mihi
549 872 635 948 quod
657 881 750 934 taceo
773 884 806 934 et
826 876 992 937 sustineo:

212 970 311 1047 squia
332 971 433 1030 multa
454 957 659 1046 querimonia
681 987 747 1030 non
763 972 914 1033 meliorat
929 990 992 1034 me.

236 1067 274 1127 Et
295 1067 323 1126 si
338 1066 531 1127 iniustitiam
547 1067 678 1127 habeot-
693 1077 771 1128 tunc
785 1070 895 1145 potius
911 1071 992 1132 cedo

234 1165 429 1241 tempestive
451 1181 547 1241 quam
570 1164 670 1224 tarde.

276 1262 305 1323 Ο
334 1263 453 1323 dilecte
476 1263 550 1323 lesu
579 1263 655 1323 iuva
676 1280 729 1323 me
754 1275 882 1341 portare
907 1285 992 1328 onus
1071 1297 1072 1300 ¹

236 1378 361 1421 meum:
391 1360 466 1437 quia
494 1359 567 1421 sine
595 1370 627 1422 te
652 1362 732 1422 nihil
755 1379 901 1438 possum.
944 1363 991 1424 Tu

201 1476 272 1519 roes
295 1459 506 1522 fidelissimus
528 1458 654 1519 amicus
669 1469 701 1520 et
718 1459 890 1520 auxiliator
911 1462 992 1538 opti·

236 1574 326 1616 mus:
361 1557 490 1633 quando
526 1556 708 1616 necessitas
739 1555 786 1616 rei
822 1556 991 1619 incumbit.

236 1653 374 1730 Oportet
395 1653 481 1731 quod
503 1653 688 1730 permittam
712 1653 822 1714 omnia
850 1656 991 1716 transire

235 1769 335 1828 super
349 1769 418 1812 me:
440 1760 472 1811 et
486 1760 550 1811 tam
574 1750 696 1811 iustum
712 1768 808 1828 quam
831 1750 990 1814 iniustum

235 1849 414 1926 aequaliter
432 1857 569 1925 portem,
591 1849 741 1925 quamvis
760 1848 802 1910 sit
817 1850 898 1910 mihi
921 1868 991 1911 sae·

201 1947 309 2024 ispius
330 1963 445 2024 grave;
466 1955 575 2006 tamen
596 1962 648 2007 me
670 1946 777 2022 ipsum
801 1948 991 2025 resignabo:

235 2045 311 2121 quia
332 2061 407 2105 mox
435 2042 497 2104 erit
519 2042 572 2103 hic
595 2042 720 2104 linitum
750 2053 814 2104 tam
835 2045 990 2122 gaudium
1073 2033 1074 2064 ³

236 2159 332 2219 quam
354 2142 542 2202 lamentum.
587 2141 709 2201 Beatus
731 2141 858 2218 estqui
881 2141 993 2204 divina

236 2239 397 2316 promissa
407 2247 580 2315 expectare
590 2227 710 2299 scitzet
720 2238 991 2315 permittitDeum

236 2354 348 2398 secum
372 2353 467 2414 agere
490 2335 578 2395 omni
608 2345 755 2412 tempore
781 2353 840 2412 pro
862 2338 991 2398 meliori

199 2433 439 2510 aobeneplacito
460 2450 532 2509 suo,
554 2433 626 2492 sine
649 2432 810 2494 electione
830 2444 862 2494 et
879 2436 992 2513 exqui-

236 2533 364 2593 sitione.
406 2531 575 2608 Regratior
595 2530 652 2591 tibi
676 2530 818 2591 Domine
839 2532 879 2592 de
901 2532 991 2592 omni

235 2629 422 2707 gravamine
451 2639 483 2689 et
507 2628 595 2689 omni
617 2629 703 2688 bono
726 2629 811 2705 quod
835 2629 915 2689 mihi
938 2630 993 2690 ad·

237 2724 341 2787 venit:
373 2742 437 2803 quo
466 2724 563 2785 etiam
594 2723 748 2801 indignus
777 2743 860 2786 sum.
911 2727 992 2786 Lau-

236 2824 330 2883 datus
352 2823 399 2882 sis
414 2832 447 2882 et
460 2821 652 2882 benedictus
674 2821 708 2881 in
723 2832 909 2884 aeternum:
932 2841 991 2901 pro
1074 2813 1075 2820 '

200 2920 324 2981 asomni
348 2920 581 2994 consolatione,
602 2936 698 2996 quam
715 2937 869 2997 umquam
889 2921 991 2981 sensi.

238 3017 274 3077 ln
296 3016 492 3078 brevissimo
521 3027 668 3093 tempore
696 3034 714 3076 a
742 3033 897 3093 pressura
918 3033 992 3077 mea

237 3113 392 3174 liberatus
414 3131 505 3189 sum,
533 3123 565 3174 et
593 3112 701 3172 statim
724 3111 803 3172 satis
825 3112 930 3173 habeo
952 3114 991 3173 ad

237 3211 446 3286 portandum:
475 3210 551 3287 quia
572 3210 660 3270 nulla
686 3226 740 3269 res
762 3209 919 3270 durabilis
941 3221 992 3271 est

237 3309 298 3368 sub
314 3309 393 3369 sole.
415 3307 535 3368 Taliter
546 3310 609 3369 huc
621 3307 727 3368 venit:
743 3315 775 3368 et
789 3307 837 3367 sic
852 3307 990 3367 ulterius

200 3405 391 3482 aoprocedit.
435 3405 503 3466 Pati
526 3405 559 3465 in
581 3406 643 3465 hoc
666 3413 812 3481 tempore
833 3404 914 3464 nulli
937 3405 991 3465 de·

238 3501 339 3562 ficiet:
371 3501 568 3578 ubicumque
597 3501 672 3578 quis
701 3501 798 3562 luerit
826 3501 879 3562 vel
908 3501 989 3578 quit-

591 3607 632 3648 aaa
