2146 4194
76 453 358 506 annumeremus
421 453 494 496 mu
554 455 835 508 {summamus

9 669 11 674 Ι
78 587 253 648 miliaverit
263 605 299 648 se
310 587 560 664 sicutparvulus
576 587 652 648 iste:
668 588 721 648 hic
732 588 836 648 maior

77 694 127 745 est
149 683 184 744 In
206 701 306 760 regno
322 686 497 746 caelorum.
526 685 595 745 Vae
618 685 666 745 eis
689 685 833 763 quicum

77 782 223 858 parvulis
238 782 411 843 humiliare
426 800 463 843 se
474 792 595 859 sponte
606 781 833 858 dedignantur:

77 878 231 956 quoniam
243 880 377 941 humilis
392 881 488 941 ianua
503 880 593 957 regni
610 879 761 939 caelestis
777 896 834 939 eos

77 993 143 1036 non
159 976 305 1038 admittet
319 976 450 1038 intrare.
479 978 548 1038 Vae
559 977 655 1037 etiam
669 976 856 1052 divitibus‚5

77 1073 132 1151 qui
155 1074 276 1135 habent
297 1075 351 1135 hic
373 1074 614 1135 consolationes
637 1091 730 1150 suas3
759 1075 834 1151 quia

76 1173 275 1249 pauperibus
303 1172 499 1233 intrantibus
527 1173 561 1232 in
590 1189 726 1248 regnum
754 1171 847 1232 Dei:

76 1269 139 1345 ipsi
176 1268 307 1329 stabunt
338 1271 424 1332 foras
461 1269 630 1331 eiulantes.
682 1269 833 1330 Gaudete

76 1365 831 1445 humilesetexultatepauperes;quiavestrum

76 1474 127 1524 est
141 1482 278 1541 regnum
295 1464 374 1525 Dei:
396 1465 424 1526 si
444 1475 553 1525 tamen
568 1465 602 1525 in
616 1465 753 1526 veritate
767 1483 833 1526 am·
844 1479 869 1521 ro

74 1562 205 1624 bulatis.

77 1756 204 1834 QVOD
226 1755 368 1818 OMNIS
390 1756 492 1818 SPES
513 1756 564 1817 ET
585 1757 766 1820 FIDVCIA
787 1759 831 1818 IN

178 1855 292 1918 SOLO
316 1855 405 1917 DEO
429 1855 505 1917 EST
528 1854 735 1918 FIGENDA.

312 2012 518 2064 CAPITVLVM
537 2013 601 2063 LIX.

75 2093 311 2314 ffiomme
334 2168 417 2228 quae
439 2161 488 2211 est
511 2150 628 2211 fiducia
642 2167 715 2210 mea
736 2167 832 2227 quam
845 2171 870 2212 ιε

210 2249 244 2309 in
264 2249 324 2308 hac
339 2248 405 2308 vita
419 2248 541 2324 habeo;
557 2258 611 2308 aut
626 2248 712 2325 quod
728 2247 834 2308 maius

75 2346 235 2407 solacium
252 2362 361 2406 meum
378 2363 417 2405 ex
433 2345 584 2405 omnibus
604 2345 833 2422 apparentibus

75 2444 137 2504 sub
149 2443 266 2503 caelo?
291 2443 409 2503 Nonne
421 2453 456 2503 tu
468 2443 609 2502 Domine
621 2444 712 2504 Deus
722 2460 834 2520 meus3

75 2540 172 2600 cuius
202 2539 446 2600 misericordiae
476 2557 542 2600 non
571 2552 621 2602 est
649 2542 834 2602 numerus?

75 2639 138 2700 Vbi
162 2638 243 2699 mihi
265 2638 350 2699 bene
372 2639 433 2699 fuit
448 2638 519 2699 sine
535 2640 593 2700 te?
622 2637 688 2699 Aut
705 2639 833 2716 quando
842 2652 875 2702 ao·

75 2737 162 2797 male
194 2753 270 2796 esse
300 2735 404 2812 potuit
434 2747 607 2812 praesente
637 2737 696 2797 te?
745 2737 833 2796 Malo

75 2849 202 2910 pauper
224 2849 299 2893 esse
321 2844 519 2911 propterte:
541 2852 637 2912 quam
654 2834 746 2895 dives
761 2835 834 2895 sine

75 2942 118 2992 te.
155 2931 247 3007 Eligo
270 2932 377 3008 potius
399 2943 506 2993 tecum
529 2933 563 2993 in
585 2942 671 2992 terra
692 2931 833 3008 peregri-

75 3029 164 3090 nari:
201 3046 297 3106 quam
329 3030 401 3090 sine
432 3041 464 3091 te
495 3031 621 3091 caelum
653 3029 832 3106 possidere.

75 3127 138 3188 Vbi
169 3137 204 3187 tu
233 3126 276 3187 ibi
306 3128 449 3203 caelum3
479 3137 576 3204 atque
606 3126 649 3187 ibi
682 3144 771 3187 mors
802 3137 869 3190 etas

74 3224 244 3284 infernus:
267 3224 320 3284 ubi
343 3235 377 3285 tu
395 3242 461 3284 non
484 3242 529 3286 es.
559 3224 606 3285 Tu
622 3225 701 3285 mihi
724 3224 757 3283 in
780 3224 833 3284 de-

74 3321 199 3384 siderio
215 3338 269 3382 es:
285 3331 316 3382 et
326 3322 400 3382 ideo
415 3333 488 3398 post
502 3333 534 3383 te
549 3339 681 3400 gemere
693 3322 833 3382 clamare

74 3429 108 3480 et
130 3436 267 3480 exorare
296 3437 434 3480 necesse
463 3431 522 3481 est.
565 3421 601 3480 In
626 3419 715 3480 nullo
744 3419 833 3480 deni·

74 3534 140 3595 que
170 3534 305 3593 possum
335 3519 431 3594 plene
453 3517 618 3578 confidere
644 3517 755 3595 quiin
777 3535 833 3577 ne·

434 3621 472 3664 aar
