2146 4194
220 465 341 519 &m
413 464 647 508 DEIMITATIONE
662 463 786 507 CHRISTI
857 463 976 517 m&

222 599 349 660 animae
365 616 457 659 meae
472 598 568 659 saluti
589 598 762 674 prodesse:
784 599 877 659 aufer
891 617 909 659 a
926 616 976 659 me
1057 665 1058 669 ,

222 697 285 758 tale
314 696 523 757 desiderium.
573 697 647 756 Non
676 695 763 757 enim
796 713 893 757 omne
925 697 978 756 de·

222 795 378 857 siderium
406 805 456 855 est
481 812 499 854 a
521 794 643 870 Spiritu
672 805 801 855 sancto:
830 794 928 854 etiam
951 794 977 854 si

222 893 346 953 homini
369 893 517 953 videatur
539 901 662 952 rectum
686 901 718 952 et
739 893 870 953 bonum.
908 891 978 952 Dii·

199 990 308 1051 5flcile
323 1000 374 1051 est
388 1008 446 1067 pro
461 1007 540 1050 vero
556 989 710 1065 iudicare,
725 1000 832 1051 utrum
844 989 979 1066 spiritus

223 1091 338 1165 bonus,
360 1106 400 1149 an
423 1089 551 1150 alienus
573 1099 604 1149 te
626 1088 770 1165 impellat
791 1089 830 1149 ad
852 1088 980 1149 deside-

223 1188 358 1247 randum
375 1188 437 1247 hoc
448 1187 500 1247 vel
516 1187 612 1246 iliud:
628 1203 669 1247 an
685 1186 781 1247 etiam
793 1204 832 1247 ex
847 1186 979 1263 proprio

223 1285 386 1345 movearis
407 1284 533 1360 spiritu.
566 1285 661 1346 Multi
684 1285 717 1345 in
741 1284 805 1344 fine
827 1292 903 1343 sunt
927 1283 980 1343 de-

223 1382 324 1458 cepti:
347 1382 401 1459 qui
418 1381 523 1458 primo
544 1383 629 1442 bono
652 1381 767 1458 spiritu
786 1380 982 1441 videbantur

189 1479 356 1540 ininducti.
400 1479 501 1557 Igitur
521 1496 652 1556 semper
673 1496 748 1539 cum
777 1478 894 1539 timore
917 1477 979 1537 Dei
1062 1465 1063 1468 '

223 1587 256 1638 et
277 1577 385 1638 cordIs
405 1577 587 1638 humilitate
602 1577 852 1638 desiderandum
875 1586 927 1637 est
949 1585 980 1636 et
1059 1621 1063 1698 l

223 1673 980 1752 petendum‚quidquiddesiderabilementioc·
1061 1699 1063 1718 =

223 1773 339 1833 currit:
362 1773 568 1849 maximeque
590 1790 664 1833 cum
684 1771 814 1848 propria
835 1771 980 1848 resigna·
1061 1724 1064 1812 I

223 1871 311 1932 tione
333 1871 413 1931 mihi
435 1879 538 1931 totum
561 1869 828 1930 committendum
851 1878 912 1944 est,
936 1879 982 1929 at·
1061 1831 1064 1974 I

189 1983 288 2045 teque
310 1968 493 2029 dicendum.
523 1967 664 2028 Domine
686 1977 719 2027 tu
742 1967 819 2042 scis,
841 1967 982 2044 qualiter
1063 1977 1064 1980 ’

224 2067 342 2127 melius
353 2076 416 2126 est:
433 2065 622 2126 Iiathocvel
634 2065 713 2127 iilud
724 2065 809 2125 sicut
824 2065 982 2125 volueris.
1064 2092 1065 2126 1

1057 1569 1062 1600 t

224 2165 273 2224 Da
294 2163 380 2240 quod
402 2163 454 2223 vis
476 2173 508 2223 et
529 2173 684 2240 quantum
706 2163 773 2223 vis:
796 2172 828 2223 et
850 2164 982 2240 quando

222 2260 284 2320 vis.
320 2261 381 2321 Fac
404 2277 533 2320 mecum
555 2260 641 2321 sicut
662 2260 739 2336 scis,
761 2270 794 2320 et
815 2259 902 2321 sicut
924 2261 982 2321 tibi
1063 2189 1065 2344 I

224 2357 327 2435 magIs
358 2357 531 2434 placuerit:
568 2367 599 2418 et
630 2358 733 2418 maior
768 2359 874 2418 honor
905 2369 985 2419 tuus
1064 2347 1065 2398 ἶ

187 2455 331 2516 zoiuerit.
375 2457 465 2516 Pone
487 2473 539 2516 me
562 2455 616 2516 ubi
639 2455 705 2516 vis:
735 2466 766 2516 et
794 2455 897 2516 libere
922 2472 984 2534 age

224 2571 352 2615 mecum
375 2553 408 2613 in
430 2554 593 2615 omnibus.
634 2553 670 2613 In
693 2569 790 2613 manu
812 2563 867 2614 tua
889 2572 984 2615 sum:

222 2669 302 2730 gyra
330 2662 362 2712 et
390 2668 523 2711 reversa
545 2668 597 2711 me
619 2668 677 2727 per
705 2650 889 2712 citcuitum.
934 2653 984 2713 En

224 2748 983 2826 servustuusego‚paratusadomnia3quoniam

224 2862 289 2906 non
305 2845 457 2906 desidero
473 2847 552 2907 mihi
564 2847 676 2907 vivere
692 2847 750 2907 sed
765 2846 839 2907 tibi:
856 2846 983 2908 utinam

187 2944 320 3021 zsdigne
342 2955 374 3005 et
394 2945 549 3021 perfecte.

248 3112 414 3175 ORATIO
438 3114 525 3176 PRO
549 3113 858 3178 BENEPLACITO
883 3116 958 3176 DEI

447 3212 755 3275 PERFICIENDO.

224 3279 470 3498 &meede
486 3337 565 3398 mihi
576 3337 813 3414 benignissime
822 3336 897 3396 Iesu
910 3354 985 3414 gra·

354 3434 430 3495 tiam
446 3443 552 3510 tuam3
566 3445 602 3495 ut
612 3451 740 3494 mecum
754 3433 796 3494 sit
807 3443 840 3494 et
849 3450 984 3495 mecum

187 3533 362 3596 solaboret:
388 3548 582 3608 mecumque
604 3548 709 3608 usque
731 3531 764 3591 in
788 3531 887 3591 Iinem
909 3549 985 3608 per-

582 3633 620 3676 172
