2178 4186
232 427 393 481 etum
440 429 479 472 ns
493 428 699 474 nonnrrcnrn
713 428 781 471 vnn
826 431 988 482 maffia

233 560 334 621 multa
349 562 430 622 mira
451 563 539 624 intus
556 579 656 639 agens
672 579 754 639 quae
778 561 916 622 faciliter
930 581 987 623 ne·

233 666 358 734 queunt
388 659 542 720 enarrari.
595 658 653 719 Eia
682 658 800 719 dilecte
829 660 903 719 lesu
936 660 987 720 fac

233 754 318 815 sicut
345 755 401 816 tibi
431 756 549 817 melius
570 755 715 816 videtur:
744 755 820 832 quia
848 756 887 815 ad
913 774 987 832 pro·

233 851 369 913 fundum
398 869 463 914 non
493 853 646 930 intellego
672 870 725 913 me
754 853 872 929 ipsum.
914 852 985 914 Tibi

210 949 293 1012 ssoli
309 959 421 1010 notum
437 959 497 1026 est,
519 951 596 1027 quid
612 951 691 1011 mihi
708 950 820 1013 utilius
837 950 889 1012 sit.
919 951 985 1028 Ego

232 1047 398 1109 committo
414 1065 466 1108 me
487 1049 561 1111 tibi:
585 1049 634 1109 fac
650 1066 779 1110 mecum
802 1049 983 1110 secundum

231 1146 468 1221 praecariorem
491 1146 691 1208 voluntatem
714 1156 812 1207 tuam.
845 1146 985 1224 Quando

231 1242 352 1319 aliquid
382 1243 462 1303 mihi
499 1245 592 1305 obest
626 1245 689 1305 hoc
724 1245 788 1305 cito
823 1245 985 1322 percipio:

231 1340 306 1417 quia
327 1340 517 1417 inquietudo
540 1342 647 1402 cordis
677 1358 743 1402 non
767 1351 818 1404 est
845 1343 985 1404 delecta-

197 1437 305 1498 robilis
340 1438 379 1498 ad
412 1440 615 1515 portandum.
667 1438 785 1501 Omnis
816 1441 984 1517 impeditio

231 1545 262 1595 et
289 1536 504 1611 perturbatio:
535 1554 575 1597 ex
606 1537 735 1614 propria
766 1537 984 1614 exquisitione

230 1632 329 1692 venit.
381 1633 504 1695 Natura
538 1651 670 1710 semper
704 1650 787 1711 quae
818 1651 878 1694 sua
909 1645 985 1695 sunt

230 1732 374 1809 quaerit,
404 1731 544 1792 diversis
575 1731 680 1792 modis
713 1731 793 1791 ioris
823 1741 855 1792 et
885 1731 984 1806 intus,

229 1830 262 1889 in
298 1829 423 1906 magnis
459 1838 492 1890 et
526 1829 650 1906 parvis:
686 1838 719 1890 et
752 1829 847 1889 valde
882 1829 984 1889 invite

196 1926 298 1989 rsvult
312 1927 394 1987 mori
417 1936 450 1988 et
471 1943 508 1986 se
529 1927 632 2003 ipsam
650 1926 810 1986 abdicare.
846 1925 983 1986 Verum·

228 2034 336 2083 tamen
368 2033 494 2100 oportet
524 2025 628 2102 ipsam
659 2022 742 2084 mori
774 2033 806 2084 et
837 2022 983 2083 devinci:

228 2121 255 2181 si
285 2120 420 2198 spiritus
450 2122 546 2183 debet
576 2121 712 2199 quietari
745 2130 776 2183 et
807 2139 881 2181 cum
912 2122 982 2181 Deo

228 2218 324 2279 uniri.

269 2315 326 2375 Eia
348 2315 464 2376 dilecte
481 2316 622 2377 Domine
645 2316 695 2376 fac
717 2333 769 2376 me
790 2317 980 2395 participem

192 2413 347 2491 eugratiae
376 2423 468 2490 tuae3
499 2422 531 2474 et
559 2431 600 2474 ne
629 2413 838 2491 derelinquas
866 2433 919 2476 me
948 2415 981 2475 in

228 2509 478 2571 necessitatibus
509 2511 611 2571 meis:
647 2510 723 2588 quia
753 2511 859 2572 adhuc
888 2513 982 2589 plura

227 2608 330 2668 habeo
353 2608 391 2668 ad
414 2608 644 2683 superandum.
676 2609 825 2669 Necdum
848 2608 887 2668 ad
910 2609 980 2668 iun-

226 2706 303 2765 dum
334 2721 387 2765 me
418 2704 555 2782 reliqui3
590 2722 698 2782 neque
729 2706 870 2767 totaliter
900 2706 979 2766 mihi

226 2803 288 2880 ipsi
304 2821 376 2864 sum
388 2811 555 2864 mortuus:
570 2819 631 2864 nec
644 2803 682 2863 ab
694 2803 847 2863 omnibus
862 2802 980 2863 creatis

190 2899 324 2963 asrebus
347 2910 379 2961 et
399 2899 629 2961 affectionibus
644 2901 831 2961 adhaesivis
853 2901 980 2961 solutus

226 3007 258 3058 et
280 3007 474 3074 evacuatus3
502 2998 560 3058 sed
583 3007 697 3058 natura
718 2999 824 3058 adhuc
855 2998 981 3060 fortiter

229 3095 261 3154 in
284 3112 336 3155 me
359 3095 455 3171 vivit,
483 3103 516 3155 et
544 3105 696 3171 operatur
716 3106 840 3171 partem
870 3113 979 3157 suarn:

86 3179 258 3286 iggcfg'ffffet
281 3193 334 3253 dat
355 3193 435 3253 mihi
464 3191 656 3269 intellegere
685 3191 771 3269 quod
802 3192 980 3254 Iebusaeus

71 3289 331 3354 t.e.tncarneadhuc
359 3290 392 3350 in
421 3300 508 3351 terra
538 3307 611 3350 mea
639 3301 792 3352 moratur.
835 3291 980 3352 Beneiac
1071 3323 1072 3330 κ

189 3384 343 3450 sodilecte
376 3387 518 3448 Domine
548 3396 680 3463 propter
709 3388 843 3465 gratiam
875 3398 981 3449 tuam:
1071 3363 1072 3388 ³

227 3483 302 3559 quia
317 3483 350 3543 in
363 3484 483 3545 virtute
499 3494 553 3544 tua
563 3500 638 3544 mox
653 3483 692 3544 ad
708 3484 846 3545 nihilum
862 3485 982 3546 cadunt

582 3588 623 3630 aaa
