2146 4194
123 436 413 489 Wfflffi
475 435 548 478 111ae
608 436 890 490 Qffiwffit)

127 570 335 646 singulorum
365 569 498 630 delinita
527 579 603 630 sunt
627 570 752 631 merita.
795 569 889 632 Vnde

129 667 274 728 Domine
296 668 388 726 Deus
416 685 474 743 pro
502 685 619 744 magno
649 668 745 728 etiam
775 677 889 744 reputo

128 764 293 825 beneficio
311 782 377 826 non
391 765 493 825 multa
507 766 628 825 habere
644 764 730 825 unde
746 765 890 825 exterius

130 873 164 923 et
187 863 368 923 secundum
391 864 543 923 homines
565 864 636 923 laus
661 873 693 924 et
714 864 816 940 gloria
837 882 890 942 ap·

128 970 240 1036 paret:
262 961 305 1021 ita
326 970 361 1021 ut
383 961 587 1022 considerata
605 961 679 1039 quis
701 970 912 1038 paupertates

129 1068 163 1118 et
179 1058 302 1118 vilitate
317 1075 477 1134 personae
499 1077 579 1119 suae
594 1075 660 1119 non
676 1058 771 1119 modo
786 1059 890 1135 gravi·

129 1165 232 1216 tatem
253 1166 307 1217 aut
328 1156 491 1217 tristitiam
507 1157 559 1217 vel
575 1157 791 1218 deiectionem
814 1156 890 1216 inde

130 1253 312 1330 concipiat3
342 1254 401 1313 sed
430 1255 538 1330 potius
570 1255 827 1316 consolationem
859 1263 890 1314 et

129 1351 328 1412 hilaritatem
350 1368 517 1428 magnam:
546 1352 622 1430 quia
643 1362 677 1413 tu
701 1351 792 1412 Deus
814 1367 890 1427 pau-

129 1466 231 1525 peres
253 1459 284 1510 et
305 1450 448 1510 humiles
470 1460 567 1528 atque
589 1451 665 1511 huic
692 1449 813 1510 mundo
836 1449 889 1508 de·
903 1468 926 1508 10

129 1555 275 1623 spectos,
296 1547 353 1607 tibi
377 1548 503 1624 elegisti
526 1548 560 1608 in
583 1548 760 1609 Familiares
783 1556 814 1607 et
835 1547 890 1606 do-

129 1644 299 1705 mesticos.
341 1644 457 1728 Testes
480 1656 556 1707 sunt
580 1647 642 1724 ipsi
667 1645 804 1722 apostoli
827 1645 890 1705 tui:

129 1758 219 1818 quos
238 1742 403 1818 principes
419 1760 518 1818 super
533 1760 663 1804 omnem
679 1753 798 1804 terram
815 1760 890 1802 con-

129 1839 278 1900 stituisti.
307 1841 451 1901 Fuerunt
460 1850 569 1901 tamen
586 1841 658 1900 sine
671 1840 890 1918 querelacon-

128 1937 254 1997 versati
277 1937 309 1997 in
332 1937 470 1998 mundo:
499 1948 563 1998 tam
588 1938 730 1998 humiles
759 1946 791 1997 et
815 1938 927 1999 simis

127 2035 238 2112 plices
253 2035 324 2095 sine
344 2037 432 2096 omni
449 2037 570 2097 malitia
585 2047 616 2097 et
631 2036 722 2112 dol03
745 2045 779 2096 ut
793 2035 890 2096 etiam

124 2132 201 2211 pati
223 2133 437 2193 contumelias
465 2133 643 2210 gauderent
671 2151 729 2209 pro
758 2133 891 2193 nomine

124 2243 209 2292 tuo:
238 2239 269 2290 et
291 2247 373 2307 quae
395 2231 537 2292 mundus
566 2232 718 2291 abhorret
742 2230 803 2306 ipsi
826 2246 891 2289 am-

125 2330 357 2407 plecterentur
384 2329 503 2390 affectu
532 2347 658 2406 magno.
701 2327 792 2388 Nihil
815 2344 891 2404 ergo

126 2435 312 2488 amatorem
327 2435 418 2486 tuum
442 2436 473 2487 et
496 2426 695 2503 cognitorem
718 2425 929 2486 beneficio-ao

128 2541 208 2586 rum
235 2533 364 2584 tuorum
393 2525 437 2584 ita
463 2523 638 2584 laetificare
667 2522 779 2583 debet:
808 2522 893 2582 sicut

128 2622 286 2683 voluntas
296 2632 351 2682 tua
361 2621 731 2698 ineoetbeneplacitum
741 2630 893 2680 aeternae

131 2719 361 2797 dispositionis
383 2728 474 2794 tuae3
503 2718 543 2779 de
572 2736 636 2796 qua
663 2728 787 2779 tantum
818 2735 893 2777 con·

129 2817 251 2878 tentari
274 2816 370 2877 debet
392 2827 424 2878 et
446 2817 624 2877 consolari:
647 2826 681 2877 ut
696 2817 740 2876 ita
755 2816 894 2876 libenter

129 2915 215 2976 velit
237 2932 311 2974 esse
333 2914 490 2974 minimus
518 2914 603 2974 sicut
629 2913 747 2991 aliquis
769 2923 930 2990 optaretzs

130 3029 213 3072 esse
234 3012 412 3087 maximus3
440 3021 472 3072 et
500 3011 544 3071 ita
571 3010 728 3087 pacilicus
757 3021 788 3072 et
818 3029 893 3072 con-

129 3119 247 3172 tentus
268 3110 302 3170 in
324 3107 505 3169 novissimo
528 3108 613 3168 sicut
635 3107 667 3168 in
684 3109 755 3169 loco
771 3109 893 3184 primo:

127 3216 234 3282 atque
256 3208 298 3268 ita
320 3207 460 3267 libenter
474 3206 683 3282 despicabilis
698 3215 730 3266 et
747 3206 893 3267 abiectus

126 3304 260 3366 nullius
281 3320 412 3381 quoque
434 3303 577 3363 nominis
599 3313 631 3364 et
659 3303 780 3379 lamae,
809 3304 894 3365 sicut

127 3401 257 3462 ceteris
278 3402 500 3462 honorabilior
528 3411 560 3462 et
581 3401 684 3463 maior
706 3402 739 3462 in
761 3403 930 3464 mundoao

128 3497 225 3562 Nam
245 3500 394 3560 voluntas
421 3509 477 3560 tua
505 3508 537 3559 et
564 3516 655 3559 amor
682 3500 818 3560 honoris
846 3500 892 3560 tui

498 3603 535 3646 rat
