2178 4186
240 417 281 468 m*
292 415 396 458 BREVIS
407 415 585 458 ADMONITIO
597 415 781 459 splnlnvnlls
795 416 948 460 EXERClTIl
959 417 996 470 ω

242 568 300 626 pro
321 549 417 610 nobis
438 549 590 627 indignis.
634 550 672 610 Et
695 550 730 610 in
753 551 816 610 hoc
839 551 998 611 debemus

242 646 404 708 consolari
433 647 510 724 quia
537 647 590 707 dat
618 647 713 707 nobis
741 647 782 708 de
811 648 914 709 calice
938 665 997 708 suo

241 747 370 807 bibere:
399 755 432 807 et
452 746 522 807 vult
543 745 630 822 quod
652 745 817 806 discamus
846 745 880 806 in
902 746 998 807 nobis

241 863 334 906 suam
357 843 543 920 passionem
567 842 712 919 perfecte
727 843 860 904 sentire.
893 844 998 905 Modi-

219 953 316 1004 5cum
332 942 459 1003 confert
474 958 596 1017 poenas
612 941 738 1002 Christi
755 941 914 1019 cogitare:
934 941 997 1003 nisi

242 1041 341 1100 homo
363 1040 442 1100 velit
457 1040 576 1101 similia
591 1038 731 1100 libenter
751 1040 902 1100 tolerare.
935 1041 999 1100 De·
1078 1115 1079 1120 ἵ

242 1138 358 1198 bemus
380 1138 477 1198 etiam
499 1153 654 1214 pensare:
677 1147 797 1214 quanta
811 1137 899 1213 passi
923 1147 999 1199 sunt

242 1235 345 1296 sancti
368 1244 530 1297 tormenta
549 1251 608 1311 pro
630 1233 764 1295 nomine
787 1234 925 1296 Christi.

1056 504 1074 518 a

346 1456 403 1517 on
425 1457 558 1518 vnum
582 1439 897 1518 connubium.

208 1641 233 1682 ao
244 1567 445 1789 &figitur
454 1625 579 1686 abiecto
588 1625 706 1687 timore
716 1627 845 1688 servili:
861 1627 999 1689 induere

385 1725 535 1800 spiritum
568 1725 707 1786 fervoris
737 1736 769 1786 et
802 1725 999 1787 dilectionis.

242 1821 364 1898 llccipe
396 1822 635 1900 fortitudinem,
666 1833 698 1884 et
718 1823 865 1884 induere
896 1841 1000 1885 arma-

242 1930 346 1980 turam
379 1920 457 1980 Dei:
489 1930 524 1982 ut
554 1920 662 1997 possis
693 1921 850 1982 resistere
880 1921 914 1982 in
947 1921 1001 1982 die

242 2018 337 2078 malo.
380 2018 520 2081 Confide
549 2019 594 2079 fili
616 2026 648 2079 et
669 2018 736 2078 noli
760 2019 894 2081 timere:
924 2019 1003 2098 quia

208 2124 350 2175 astecum
372 2133 446 2176 sum
469 2116 546 2176 dicit
568 2116 730 2176 Dominus
760 2124 795 2175 ut
821 2133 934 2177 eruam
957 2127 1002 2178 te.

243 2213 440 2274 Coniortare
462 2222 493 2273 et
515 2223 585 2273 esto
603 2212 773 2273 robustus:
795 2215 872 2292 quia
887 2215 1003 2291 plures

242 2310 413 2371 nobiscum
442 2321 519 2371 sunt
549 2328 644 2387 quam
675 2321 787 2370 contra
814 2328 886 2371 nos.
933 2312 1002 2388 Ego

242 2407 348 2484 inquit
370 2408 532 2468 Dominus
560 2416 634 2467 ante
656 2418 688 2467 te
710 2407 763 2468 ibo
792 2417 824 2468 et
848 2409 1003 2485 pugnabo
1078 2439 1079 2448 κ

242 2514 364 2581 prote:
380 2522 502 2582 eroque
517 2515 624 2566 tecum
640 2505 680 2564 ad
690 2521 919 2582 quaecumque
929 2524 1004 2582 per·

206 2603 378 2664 aorexeris.
408 2604 498 2663 Pone
520 2619 596 2680 ergo
618 2611 716 2662 totam
739 2619 831 2678 spem
853 2611 944 2662 tuam
968 2603 1003 2664 in

244 2701 385 2761 Domino
408 2710 439 2760 et
460 2700 526 2759 noli
549 2716 625 2760 esse
643 2699 862 2776 pusillanimis
884 2701 1004 2762 corde:

243 2799 302 2858 sed
324 2807 478 2858 constans
500 2807 532 2858 et
553 2797 658 2857 virilis
679 2798 719 2857 ad
741 2798 860 2858 omnia.

369 3019 426 3079 ns
449 3016 673 3080 cvsronm
696 2978 876 3080 oscula.

244 3131 376 3352 &a
396 3187 454 3248 tibi
477 3188 559 3247 cella
575 3187 761 3264 paradisus:
785 3189 908 3248 chorus
931 3207 1003 3250 cae·

207 3299 235 3341 25
372 3285 456 3360 lum,
485 3285 580 3345 lectio
603 3302 696 3345 sacra
724 3284 826 3345 cibus.
870 3284 921 3347 Sit
944 3287 1001 3348 tibi

244 3381 410 3441 silentium
442 3383 583 3443 amicus:
614 3383 705 3444 labor
735 3382 866 3460 socius,
897 3386 1001 3447 oratio
1078 3403 1079 3468 ᾗ

244 3478 442 3540 auxiliarius.
461 3481 497 3541 ln
506 3481 606 3540 choro
617 3481 664 3542 sis
675 3479 800 3542 stabilis
811 3490 844 3542 et
854 3481 1001 3558 quietus:

602 3585 643 3626 rao
