2160 4194
127 635 174 695 De
196 635 290 695 choro
312 638 345 692 et
363 631 473 692 divino
495 631 603 708 officio
620 630 811 708 peragendo.

323 803 528 855 CAPITVLVM
546 803 617 852 vlll.

91 903 306 1122 &horus
331 969 382 1020 est
400 959 461 1018 Dei
490 968 522 1019 et
544 967 730 1017 sanctorum
752 972 848 1032 ange·

225 1058 329 1117 lorum
345 1057 437 1117 locus
453 1065 615 1130 sacratus3
631 1055 685 1114 ubi
700 1054 846 1114 divinum

90 1155 197 1233 agitur
227 1153 389 1229 officium,
424 1152 652 1230 praesentibus
686 1151 870 1212 ecclesiaes

90 1252 267 1314 ministris:
296 1270 371 1313 cum
400 1251 585 1312 reverentia
613 1259 645 1311 et
672 1249 846 1310 devotione

89 1351 316 1428 psallentibus.
358 1349 450 1411 Sicut
471 1348 576 1426 angeli
606 1348 770 1408 incaelo:
799 1347 847 1406 sic

91 1448 236 1525 religiosi
265 1447 402 1508 ordinati
431 1457 508 1506 sunt
536 1446 568 1506 in
596 1447 706 1506 choro.
753 1444 847 1520 Opus

91 1548 280 1624 angelorum
312 1557 363 1607 est
393 1546 500 1605 Deum
534 1561 666 1620 semper
699 1543 847 1603 laudare:

91 1662 174 1721 opus
189 1643 416 1721 religiosorum
433 1653 483 1704 est
498 1644 622 1704 intenta
638 1651 749 1703 mente
763 1641 847 1717 psal·
860 1659 884 1700 to

92 1743 159 1803 lere
181 1753 215 1803 et
235 1759 338 1803 orare.
368 1741 422 1804 Sic
444 1751 493 1802 sta
515 1742 547 1801 in
570 1742 670 1801 choro
686 1749 719 1800 et
739 1748 846 1799 canta:

92 1840 183 1917 quasi
213 1840 246 1900 in
276 1840 384 1900 medio
412 1841 601 1917 angelorum
629 1847 743 1898 stares.
786 1837 847 1896 Re-

93 1937 225 1997 cordare
247 1937 355 1998 dilecti
380 1936 511 1997 Domini
534 1935 580 1997 tui
605 1934 734 1996 lesuin
757 1950 847 2009 prae-

92 2035 183 2110 sepio
212 2034 365 2110 iacentis3
393 2044 447 2094 aut
475 2034 509 2094 in
538 2050 635 2094 cruce
664 2030 847 2108 pendentis,

92 2143 144 2193 aut
167 2133 200 2192 in
224 2133 313 2194 caelo
335 2133 375 2192 ad
395 2133 540 2193 dextram
557 2131 663 2191 Patris
684 2127 845 2190 sedentis:
860 2147 885 2190 rs

92 2240 253 2306 tamquam
287 2247 396 2290 coram
428 2247 468 2290 eo
500 2229 675 2290 assisteres
709 2237 740 2287 et
772 2243 846 2286 can-

92 2327 188 2388 tares.
232 2327 306 2404 Ipse
328 2327 370 2388 sit
391 2327 425 2387 in
448 2328 546 2388 corde
568 2335 623 2386 tuo
643 2335 676 2386 et
697 2325 730 2385 in
752 2323 846 2384 labiis

16 2431 17 2434 ’
92 2425 165 2501 tuis,
180 2425 220 2484 ad
235 2424 510 2500 pronuntiandum
526 2432 637 2499 aperte
652 2432 684 2482 et
694 2421 846 2482 distincte

91 2523 189 2582 verba
211 2522 353 2598 Spiritus
375 2521 495 2582 sancti:
524 2521 619 2582 cuius
641 2536 702 2595 ope
724 2528 757 2578 et
778 2527 846 2577 arte

91 2619 237 2680 divinum
260 2618 405 2680 officium
424 2619 611 2680 ordinatum
634 2627 693 2679 est.
734 2615 883 2678 Statueao

92 2717 199 2777 lesum
222 2717 262 2776 ad
284 2717 449 2776 dexteram
476 2727 563 2777 tuam
592 2727 625 2777 et
646 2714 784 2774 Mariam
806 2713 845 2774 ad

90 2814 273 2874 sinistram:
302 2825 334 2875 et
355 2832 471 2875 omnes
493 2825 624 2876 sanctos
652 2813 685 2873 in
708 2811 845 2872 circuitu

88 2928 214 2971 eorum.
250 2910 377 2972 Omnes
400 2912 516 2973 fratres
539 2911 584 2972 tui
607 2911 672 2972 sint
694 2909 750 2970 tibi
768 2919 846 2970 tam·

90 3024 186 3084 quam
209 3008 315 3085 angeli
339 3009 411 3069 Dei.
454 3009 588 3069 Etcum
617 3008 736 3085 quibus
758 3023 846 3067 nunc

91 3105 202 3181 psallis
225 3105 258 3165 in
287 3106 400 3167 terris:
429 3123 525 3183 spera
553 3107 650 3167 etiam
679 3116 711 3166 te
739 3115 882 3166 canta-25

16 3207 17 3212 ’
91 3213 197 3263 turum
220 3203 379 3264 incaelis.
407 3204 483 3265 Vita
496 3221 577 3280 pura
592 3214 623 3264 et
645 3203 846 3264 conscientia

91 3299 206 3361 libera:
221 3301 339 3377 gaudet
354 3301 386 3361 in
398 3301 528 3362 divinis.
552 3302 663 3378 Vagus
674 3311 706 3362 et
716 3301 845 3378 tepidus

91 3397 204 3457 lromo:
234 3414 308 3457 cum
330 3398 436 3459 taedio
458 3398 567 3474 psallit
587 3408 620 3459 et
641 3415 767 3460 somno.
810 3399 843 3460 Si

91 3494 209 3555 viceris
240 3496 385 3556 acediam
421 3506 453 3557 et
488 3514 545 3557 cor
579 3497 618 3557 ab
654 3497 844 3574 evagatione

447 3600 487 3643 aar
