2160 4194
214 457 295 512 m
339 457 481 500 LIBELLVS
497 455 681 500 srlxl'rvnus
697 454 847 498 Exexcml
891 454 975 512 w

216 609 282 653 non
309 600 465 669 tepescat.
507 589 616 652 Omne
644 599 775 665 tempus
802 606 876 650 cunr
900 591 973 650 Deo
1064 599 1065 664 l

216 707 282 750 non
310 705 509 766 expensum:
539 689 656 764 plange
686 687 775 748 velut
803 688 973 748 amissum.

217 787 308 849 Cave
323 786 448 848 otiosos
462 796 574 847 texere
589 800 777 846 sermones:
792 796 824 847 et
838 785 974 846 inutiles

216 884 373 945 circuitus
395 883 503 944 devita
523 899 583 959 per
603 883 712 943 aedes.
741 882 811 944 Stet
831 883 865 943 in
886 883 973 944 ostio

193 982 319 1042 scellae
340 999 398 1058 pro
420 980 514 1058 signo
531 980 673 1041 notabile
693 981 810 1058 breve3
831 982 917 1058 quod
939 991 973 1042 te

215 1089 425 1157 praemoneat
452 1089 644 1140 exeuntem:
672 1089 704 1140 et
725 1079 895 1155 redarguat
916 1079 971 1138 diu

215 1179 405 1239 tardantem.
430 1176 972 1237 Periculumtuuminterhomines

216 1276 346 1337 multos.

257 1372 339 1435 Orto
361 1371 424 1432 iam
441 1371 493 1432 die
514 1371 652 1433 benedic
675 1371 867 1433 Creatorem
889 1372 971 1433 caeli

182 1480 250 1531 roet
269 1480 393 1544 terrae3
422 1468 477 1546 qui
507 1469 564 1529 tibi
593 1469 698 1529 adhuc
726 1470 865 1547 spatium
887 1470 971 1530 bene

217 1566 348 1628 vivendi
378 1566 558 1627 concessit:
589 1576 621 1627 et
651 1567 755 1628 solem
785 1585 882 1628 suum
913 1584 971 1644 pro

217 1663 316 1725 variis
331 1663 446 1724 usibus
462 1681 562 1741 super
575 1674 607 1724 te
619 1664 793 1725 feeitoriri.
816 1664 972 1726 Christus

217 1761 329 1822 vivere
357 1761 413 1823 tibi
443 1761 501 1822 sit:
531 1772 562 1823 et
591 1773 707 1823 cuncta
734 1779 834 1839 opera
856 1773 912 1824 tua
933 1763 972 1822 ad

217 1859 343 1921 Christi
365 1859 468 1938 dirige
483 1860 622 1921 laudem.
653 1860 726 1936 lpse
746 1877 823 1937 spes
837 1871 892 1921 tua
907 1869 973 1921 tota

183 1977 208 2018 15
217 1967 249 2018 et
279 1956 459 2032 praemium
490 1957 655 2018 aeternale
686 1958 772 2035 quod
803 1969 972 2035 expectas:

216 2054 351 2131 gratiam
383 2064 490 2116 autem
527 2056 701 2116 humanam
733 2073 799 2116 non
834 2072 973 2134 quaeras

217 2168 278 2212 nec
309 2150 454 2212 affectes.
506 2151 541 2213 Si
573 2170 638 2213 non
669 2153 720 2214 vis
751 2153 874 2229 decipi:
906 2153 972 2213 noli

218 2248 368 2309 laudibus
383 2249 491 2311 stultis
506 2250 671 2312 delectari.
694 2250 793 2311 Novit
808 2250 900 2311 Deus
917 2268 975 2310 cor

218 2357 326 2408 tuum:
349 2363 444 2423 quam
468 2347 632 2423 impurum
654 2347 696 2409 sit
711 2357 743 2408 et
757 2365 888 2408 vanum.
922 2347 973 2407 Ne

181 2443 331 2504 aocredas
352 2441 512 2519 adulanti3
540 2444 598 2503 sed
620 2444 728 2520 potius
749 2444 972 2521 increpantem

195 2594 198 2604 .
217 2539 379 2600 ausculta:
401 2539 456 2616 qui
479 2540 563 2601 bene
585 2541 727 2603 consulit
741 2542 818 2602 dum
833 2551 889 2602 tua
904 2558 973 2602 cor-

217 2638 292 2715 ripit
314 2647 428 2699 errata.
472 2638 602 2700 Habeas
624 2656 756 2715 semper
778 2641 817 2700 ad
840 2655 973 2698 manum

218 2735 374 2796 orationis
390 2751 503 2796 usum:
518 2746 630 2797 contra
645 2735 753 2796 omnia
767 2736 975 2797 adversantia

218 2831 408 2893 invincibile
430 2842 569 2893 scutum.

181 3019 208 3060 25
234 3001 290 3062 DE
314 2999 591 3063 ELEVATIONE
613 3001 665 3062 ET
687 3001 960 3065 DlRECTIONE

392 3098 557 3161 CORDIS
580 3098 639 3160 ΑΙ)
664 3100 801 3160 DEVM.

461 3219 666 3270 CAPITVLVM
685 3220 730 3270 lll.

217 3259 394 3480 Qwe
405 3336 488 3396 opus
503 3331 690 3382 externum:
705 3320 797 3396 prius
809 3321 903 3380 eleva
917 3337 977 3382 cor

350 3418 388 3478 ad
413 3419 530 3478 Deum.
574 3417 732 3495 Quitquid
754 3418 829 3477 boni
854 3418 977 3480 leceris

181 3523 272 3574 aoaut
293 3513 425 3590 dixeris,
454 3531 520 3575 non
542 3514 649 3591 magni
676 3516 816 3590 pendas:
845 3516 904 3576 sed
927 3516 977 3577 in·

574 3619 614 3660 aaa
