2178 4186
126 441 886 496 mmssffiffiffim

127 585 161 636 te
183 575 295 636 dilexit
317 584 349 636 et
370 574 474 651 diligit
501 574 535 635 in
564 576 626 635 hoc
648 575 780 636 mundo.
823 575 885 634 Re-

127 682 269 733 novetur
290 689 421 751 semper
446 672 480 732 in
503 690 556 733 me
579 672 625 734 tui
649 672 769 733 amoris
791 688 885 732 sacer

127 780 161 830 et
182 787 284 846 purus
306 769 461 846 allectus3
483 779 515 830 et
529 771 619 831 velut
640 769 725 847 ignis
743 770 885 845 desuper

126 884 289 928 accensus
317 883 415 929 renes
437 885 530 928 meos
558 878 591 929 et
620 883 806 928 cormeum
830 883 884 928 ex-

127 976 216 1028 urat:
238 966 348 1027 omnia
362 982 493 1042 quoque
510 965 666 1026 interiora
681 982 754 1026 mea
768 975 906 1041 purgets

126 1075 160 1125 et
181 1064 377 1140 inflammet3
403 1073 438 1124 ut
459 1063 505 1124 nil
527 1064 680 1124 vitiorum
703 1062 736 1122 in
759 1080 811 1125 me
834 1079 883 1122 re·

127 1170 272 1221 maneat:
301 1161 388 1238 quod
413 1163 527 1223 oculos
555 1172 630 1223 tuae
659 1160 813 1221 claritatis
835 1159 883 1219 ol·

126 1258 247 1320 fendat.
290 1259 319 1320 0
343 1261 435 1321 Deus
457 1277 551 1321 meus
573 1258 681 1320 cordis
704 1257 767 1317 mei
793 1274 882 1316 scru-

125 1365 211 1417 tator
231 1373 348 1434 verus3
377 1375 486 1420 coram
510 1368 542 1419 te
565 1369 615 1418 est
636 1373 733 1417 omne
755 1355 882 1417 deside·

125 1454 211 1516 rium
234 1473 343 1516 meum
374 1466 406 1518 et
427 1456 596 1533 multiplex
624 1454 765 1533 gemitus
787 1470 918 1514 meusto

125 1569 185 1630 pro
217 1553 400 1615 defectibus
428 1555 528 1616 meis:
559 1571 634 1615 nam
665 1569 742 1630 prae
773 1551 882 1627 inopia

124 1650 275 1711 internae
311 1652 481 1714 suavitatis
521 1670 558 1713 ac
594 1650 737 1713 caritatis
772 1648 881 1710 delicit

124 1764 226 1824 saepe
254 1748 389 1826 spiritus
411 1767 515 1812 meus.
558 1749 673 1812 Offero
702 1748 800 1825 igitur
823 1746 879 1808 tibi

124 1845 325 1907 desiderium
349 1846 503 1908 desiderii
525 1847 590 1907 mei
617 1847 650 1908 in
673 1847 801 1907 laudem
824 1862 880 1905 no-

124 1942 225 2003 minis
236 1943 299 2020 tui3
314 1944 426 2021 accipe
436 1954 511 2005 vota
521 1961 594 2006 mea
609 1944 642 2004 in
653 1945 879 2005 holocaustum
893 1961 917 2002 ιε

123 2041 336 2103 matutinum:
356 2053 389 2105 et
404 2044 505 2105 oratio
521 2061 594 2104 mea
608 2043 692 2104 sicut
707 2042 879 2102 incensum

122 2139 349 2216 vespertinum
372 2143 411 2203 ad
433 2153 464 2204 te
486 2143 640 2204 ascendat
654 2151 686 2202 et
701 2143 824 2218 placeat
846 2139 879 2199 in

121 2246 305 2298 aeternum.
341 2236 457 2300 Amen.

154 2419 314 2471 EXPLICIT
332 2420 499 2470 LIBELLVS
518 2421 563 2470 DE
581 2420 850 2470 RECOGNITIONE

284 2500 457 2550 PROPRIAE
476 2500 723 2551 FRAGILITATIS.
888 2515 916 2557 20
