2160 4194
259 429 399 474 EPISTVLA
416 431 534 474 DEVOTA
548 433 589 475 An
604 432 752 486 Qvssnnnm
767 432 952 476 REGVLAREM

226 573 356 625 tenetur
377 566 448 626 Deo
477 566 642 643 regratiari
671 576 703 627 et
732 567 834 644 magis
862 584 900 628 se
922 570 982 629 hu·

226 662 367 723 miliare:
397 679 439 723 ne
460 663 639 740 imputetur
661 664 723 724 sibi
747 665 785 725 ad
809 676 979 741 peceatum

225 771 257 822 et
291 761 423 837 gravius
457 762 498 822 de
540 761 769 838 ingratitudine
808 763 980 825 iudicetur.

226 859 335 921 Omne
350 876 432 935 opus
444 859 566 919 bonum
577 859 610 919 in
623 860 694 920 Deo
710 858 829 921 factum
844 861 978 937 gratiam

203 957 381 1017 smaiorem
404 966 564 1017 meretur:
593 957 743 1018 laetificat
765 968 919 1036 mentem,
948 969 980 1020 et

225 1055 363 1116 delectat
392 1065 598 1132 operantem:
634 1056 709 1134 quia
740 1057 846 1117 Deum
882 1057 979 1116 habet

225 1153 442 1213 adiuvantem.
485 1153 551 1230 Qui
579 1154 743 1214 desiderat
770 1155 880 1214 aDeo
903 1171 978 1213 con·

224 1250 321 1312 solari
351 1259 454 1311 taceat
475 1250 516 1310 de
538 1251 728 1327 mundanis,
755 1259 826 1311 oret
847 1250 978 1327 saepius

224 1358 256 1409 et
277 1364 349 1408 raro
372 1347 525 1409 sitieris.
569 1347 677 1410 Omne
699 1349 786 1409 enim
809 1357 976 1425 peccatum

190 1458 214 1499 10
223 1455 358 1524 generat
379 1445 554 1522 tristitiam,
576 1447 754 1524 corrumpit
776 1455 923 1507 naturam
946 1455 977 1506 et

224 1554 368 1605 meretur
382 1560 530 1620 poenam.
568 1543 709 1606 Attende
723 1545 843 1605 donum
859 1543 921 1603 Dei
944 1543 976 1603 in

201 1642 286 1720 palio
309 1651 341 1702 et
362 1641 461 1718 dilige
483 1641 562 1702 illud
585 1641 670 1702 sicut
691 1659 769 1702 vere
791 1652 841 1702 est
855 1643 975 1702 donum

224 1739 296 1799 Dei.
346 1739 413 1799 Erit
441 1749 549 1799 autem
580 1748 671 1799 tuum
703 1739 730 1799 si
761 1738 869 1816 diligis
898 1739 976 1799 illud

223 1850 386 1915 tamquam
409 1846 512 1912 tuum,
533 1853 664 1913 semper
683 1847 791 1897 tamen
813 1845 915 1897 totum
937 1837 977 1896 ed

189 1937 330 1996 15Deum
362 1934 530 1995 humiliter
559 1935 752 2010 referendo,
787 1951 829 1994 ne
859 1935 976 2011 perdas

222 2033 344 2092 bonum
366 2031 450 2092 male
479 2031 609 2092 utendo.
651 2029 742 2091 Tunc
764 2031 848 2091 male
874 2030 976 2091 uteris

222 2131 318 2206 bono,
340 2130 367 2190 si
390 2130 466 2190 inde
488 2129 654 2191 extolleris
669 2139 701 2190 et
720 2147 803 2190 vane
817 2128 976 2206 gloriaris.

222 2226 312 2288 Tunc
328 2228 412 2288 bene
427 2226 530 2287 uteris
545 2227 641 2303 malo,
660 2227 687 2287 si
703 2227 779 2286 inde
794 2225 977 2287 humiliaris

223 2334 254 2385 et
276 2323 479 2385 contristaris
501 2333 533 2385 et
547 2342 606 2401 per
620 2324 850 2401 paenitentiam
867 2341 976 2385 emen·

185 2423 290 2497 nodas,
305 2439 366 2482 nec
381 2432 413 2483 te
428 2423 569 2499 superbe
580 2440 728 2483 excusas.
752 2422 861 2483 Status
877 2421 977 2482 huius

221 2520 308 2580 vitae
329 2518 446 2578 debilis
468 2528 518 2580 est
537 2529 569 2580 et
583 2520 701 2596 plenus
715 2519 880 2595 periculis,
902 2518 976 2579 ideo

222 2617 260 2677 ad
277 2617 384 2677 Deum
399 2633 531 2693 semper
552 2618 749 2678 currendum
765 2627 815 2678 est
836 2625 869 2677 et
882 2633 977 2676 oran·

221 2714 297 2774 dnm
322 2725 355 2776 ut
376 2732 438 2775 nos
453 2714 613 2776 custodiat
635 2725 666 2776 et
688 2714 818 2775 adiuvet
837 2713 870 2773 in
885 2714 976 2774 omni

221 2813 397 2873 luctamine
418 2821 450 2873 et
471 2829 571 2888 opere
585 2812 670 2872 bono
686 2829 791 2889 usque
809 2812 843 2872 in
866 2812 978 2873 finem.
