2138 4196
77 594 189 654 habet:
212 603 245 654 et
266 612 380 655 secum
402 594 583 655 sentientes
599 593 702 672 magis
722 595 833 672 diligit.

78 691 139 753 Sed
156 710 233 753 cum
249 693 340 752 duris
356 703 388 752 et
403 692 569 768 perversis
587 701 641 752 aut
656 691 834 769 indiscipli-

77 793 160 852 natis
188 802 246 852 aut
273 791 369 851 nobis
399 791 671 853 contrariantibus
700 791 834 867 pacifice

76 905 173 965 posse
184 890 315 950 vivere:
332 906 447 966 magna
456 889 558 967 gratia
568 899 618 949 est
632 899 663 949 et
674 889 834 948 laudabile

77 987 191 1062 nimis,
223 987 385 1063 virileque
417 987 548 1047 iactum.
598 987 681 1048 Sunt
711 987 765 1062 qui
797 1003 857 1046 ses

76 1084 164 1160 ipsos
188 1084 223 1144 in
245 1100 325 1160 pace
347 1093 476 1144 tenent:
499 1093 531 1144 et
553 1101 627 1144 cum
642 1084 715 1144 aliis
738 1083 834 1144 etiarn

76 1199 189 1258 pacem
220 1183 350 1242 habent.
394 1182 432 1242 Et
460 1191 538 1243 sunt
558 1181 613 1258 qui
638 1198 699 1241 nec
722 1198 834 1257 pacem

76 1280 213 1340 habent:
229 1296 291 1338 nec
306 1279 388 1339 alios
403 1278 436 1338 in
452 1296 532 1354 pace
545 1279 719 1340 dimittunt.
750 1278 834 1339 Aliis

75 1388 150 1438 sunt
172 1393 307 1454 graves:
337 1376 395 1436 sed
420 1376 481 1436 sibi
506 1393 638 1453 semper
658 1378 834 1454 graviores.

76 1474 113 1534 Et
140 1482 221 1534 sunt
243 1473 298 1550 qui
328 1490 365 1533 se
386 1473 477 1550 ipsos
505 1473 539 1533 in
568 1491 648 1550 pace
677 1476 870 1536 retinent:1o

75 1583 105 1632 et
126 1573 167 1632 ad
191 1587 305 1647 pacem
328 1571 410 1630 alios
426 1571 584 1632 reducere
600 1573 741 1634 student.
779 1574 835 1634 Est

74 1679 185 1730 tamen
207 1677 274 1728 tota
294 1685 356 1744 pax
378 1677 489 1728 nostra
509 1669 542 1728 in
558 1670 618 1729 hac
634 1671 754 1731 misera
769 1671 834 1732 vita

73 1764 833 1846 potiusinhumilisufferentiaponenda:quam

8 1887 9 1892 ¹
73 1864 106 1923 in
127 1881 197 1923 non
220 1861 393 1922 sentiendo
415 1863 585 1923 contraria.
626 1864 692 1941 Qui
716 1867 834 1926 melius

73 1961 135 2021 scit
157 1960 241 2036 pati:
272 1959 427 2020 maiorem
456 1961 581 2020 tenebit
602 1979 725 2037 pacem.
769 1964 834 2024 Iste
845 1982 870 2022 ιε

73 2071 123 2120 est
137 2061 246 2122 victor
267 2059 319 2120 sui
341 2070 373 2121 et
388 2060 540 2120 dominus
556 2059 685 2121 mundi:
708 2061 833 2121 amicus

75 2157 201 2219 Christi
225 2169 258 2219 et
280 2159 378 2217 heres
400 2159 491 2218 caeli.

118 2354 177 2414 DE
201 2352 319 2415 PVRn
341 2351 492 2413 MENTE
516 2352 567 2412 ET
590 2352 786 2416 SIMPLICI

317 2448 595 2513 INTENTIONE.

313 2607 518 2658 CAPITVLVM
537 2609 595 2656 1111.
841 2616 868 2656 20
898 2675 902 2683 ι

74 2685 300 2904 ffivmus
321 2744 382 2804 alis
404 2746 502 2805 homo
520 2744 709 2805 sublevatur
730 2761 748 2804 a
770 2754 832 2804 ter·

75 2793 88 2877 ᾗ
207 2840 316 2900 renis:
335 2842 543 2918 simplicitate
559 2842 685 2902 scilicet
700 2851 731 2902 et
746 2841 832 2918 puri·

75 2947 146 2998 tate.
172 2938 373 3014 Simplicitas
384 2940 480 3000 debet
495 2956 570 3000 esse
586 2940 619 2999 in
634 2939 831 3000 intentione:

75 3035 197 3108 puritas
214 3035 247 3094 in
264 3035 448 3097 allectione.
481 3036 678 3114 Simplicitas
694 3036 832 3098 intendit

76 3130 195 3192 Deum:
206 3133 331 3208 puritas
340 3135 554 3210 apprehendit
562 3145 594 3194 et
602 3144 718 3211 gustat.
735 3134 832 3194 Nulla
841 3150 868 3191 25

75 3227 157 3288 bona
178 3230 264 3290 actio
287 3240 318 3290 te
341 3231 511 3306 impediet:
534 3232 562 3292 si
585 3232 668 3292 liber
682 3231 770 3291 intus
793 3231 831 3290 ab

75 3324 257 3388 inordinato
280 3326 399 3387 affectu
422 3327 534 3388 fueris.
577 3328 611 3389 Si
641 3329 722 3389 nihil
745 3329 832 3388 aliud

76 3439 168 3498 quarn
186 3425 249 3484 Dei
269 3424 509 3500 beneplacitum
532 3435 563 3485 et
586 3425 723 3500 proximi
747 3424 831 3484 utili·

76 3528 170 3581 tatem
193 3521 339 3582 intendis
362 3531 394 3582 et
415 3524 561 3599 quaeris:
586 3524 714 3584 interna
735 3523 830 3583 liber·

112 3625 226 3670 Tlomaea
237 3627 265 3670 K.
277 3625 362 3680 Opera.
379 3626 407 3670 11.
439 3629 466 3668 65
710 3629 723 3669 5
