2178 4186
250 450 411 504 wama
443 450 481 493 nr
497 450 684 495 ntsvnrrous
699 449 812 494 nauus
843 452 1009 506 {ormaza

251 584 337 662 quod
353 585 527 646 factasunt
541 584 663 647 omnia:
679 586 766 662 quod
780 585 889 646 omnia
905 585 1013 660 novit,

251 682 360 743 omnia
390 682 475 743 iuste
506 692 538 743 et
571 693 660 744 recte
691 683 842 760 disponit.
895 682 1007 742 Huius

251 779 452 840 altitudinem
476 781 556 841 caeli
579 798 644 841 non
667 781 813 857 capiunt3
836 778 1008 856 profundi·

250 886 348 937 tatem
388 877 582 938 iudiciorum
618 877 727 956 abyssi
766 885 1005 954 expavescunt:

227 974 454 1037 alatitudinem
494 975 583 1035 orbis
624 985 730 1036 terrae
765 991 831 1035 non
866 973 1003 1049 attingit.

250 1070 430 1133 Aeternum
446 1073 507 1134 Dei
519 1073 676 1149 Verbum,
691 1073 802 1135 multis
812 1071 922 1132 verbis
937 1088 1003 1132 non
1077 1137 1078 1146 χ

250 1169 458 1262 exorimitur3
492 1187 553 1230 nec
584 1171 684 1231 variis
719 1168 1003 1246 imaginationibus

251 1266 445 1344 concipitur:
461 1285 522 1328 nec
533 1268 572 1328 ab
588 1268 696 1345 aliquo
712 1278 819 1329 creato
834 1267 1002 1327 intellectu

250 1375 453 1440 penetratur:
484 1365 542 1425 sed
575 1381 674 1442 super
701 1364 867 1426 ineffabile
895 1374 927 1424 et
955 1363 1003 1424 in·

216 1477 241 1519 ro
250 1462 546 1538 comprehensibile
556 1463 769 1539 praedicatur.
786 1463 885 1526 Credi
896 1472 1004 1540 potest

250 1572 281 1623 et
303 1561 419 1622 amari:
446 1562 542 1638 plene
565 1562 692 1639 concipi
715 1580 780 1622 non
803 1569 919 1637 potest,
940 1577 1003 1622 nec

249 1658 359 1734 effari3
381 1659 456 1735 quia
471 1660 533 1720 hoc
548 1659 693 1721 Verbum
710 1660 771 1720 Dei
788 1660 895 1720 Deus:
917 1658 1004 1719 sicut

248 1766 386 1817 testatur
406 1756 520 1817 beatus
539 1757 739 1834 evangelista
762 1756 934 1817 lohannes,
968 1755 1003 1815 ln

248 1853 424 1930 principio,
453 1853 558 1930 inquit
587 1863 655 1914 erat
679 1854 840 1930 Verbum;
870 1863 901 1914 et
922 1853 1006 1913 Ver·

215 1949 324 2010 rabum
361 1960 430 2011 erat
463 1951 548 2027 apud
584 1951 707 2011 Deum:
743 1961 775 2011 et
809 1951 899 2011 Deus
934 1959 1007 2010 erat

248 2045 403 2107 Verbum.

289 2142 318 2203 O
341 2143 507 2204 ineffabile
527 2155 560 2206 et
574 2146 672 2208 nimis
687 2146 825 2207 amabile
840 2145 1007 2220 Verbum3

248 2241 343 2303 dulce
364 2243 404 2303 ad
425 2243 633 2321 audiendum,
656 2245 833 2306 iucundum
856 2243 894 2304 ad
917 2243 1006 2320 cogi-

249 2339 398 2400 tandum:
414 2340 642 2404 felicissimum
658 2344 697 2403 ad
713 2343 897 2404 fruendum.
930 2341 1005 2402 Hoc

212 2436 471 2513 comultipliciter
500 2440 627 2501 animae
657 2441 819 2518 loquitur3
849 2438 1006 2500 videlicet

248 2550 306 2610 per
336 2535 531 2612 scripturas,
561 2554 620 2614 per
650 2537 909 2614 praedicatores,
944 2553 1007 2612 per

247 2632 380 2707 angelos
391 2641 424 2692 et
433 2650 567 2695 arcanas
580 2635 814 2696 revelationes:
829 2635 888 2695 sed
899 2635 1005 2695 multo

247 2727 422 2789 iucundius
444 2739 476 2790 et
497 2731 681 2808 sublimius,
703 2750 777 2792 cum
800 2749 858 2809 per
879 2749 917 2792 se
939 2732 1005 2792 Ve-

247 2825 325 2886 ritas
347 2826 447 2887 menti
471 2828 555 2888 ultro
577 2829 728 2890 illabitur.

209 2943 238 2984 25
288 2922 317 2983 Ο
346 2923 374 2983 si
403 2940 534 2999 possem
564 2943 680 2987 vacare
708 2937 740 2988 et
761 2926 875 2987 videre
903 2943 1003 3004 quam

247 3117 368 3192 lumen,
390 3117 455 3178 vita
470 3119 661 3196 viventium,
682 3121 846 3183 beatitudo
864 3138 1005 3199 regnan·

246 3214 345 3290 tium3
380 3215 477 3274 credo
513 3217 598 3292 quod
630 3219 719 3278 nulla
748 3236 801 3279 me
837 3218 1005 3296 frangeret

246 3328 400 3387 pressura
416 3312 573 3389 laborum,
595 3316 683 3375 nulla
698 3333 750 3377 me
765 3326 893 3377 teneret
907 3318 1006 3394 copia

209 3403 422 3469 sobonorum:
444 3410 503 3470 sed
523 3411 586 3472 cito
601 3412 775 3474 vilesceret
790 3423 821 3473 et
837 3414 1005 3490 deperiret

246 3523 343 3566 omne
365 3516 541 3571 terrenum.

602 3609 642 3651 404

247 3037 349 3080 suave
383 3020 426 3081 sit
455 3021 518 3082 hoc
548 3023 694 3084 Verbum
724 3041 839 3084 verum
872 3025 1004 3085 animae
1077 3041 1078 3098 j
