2160 4194
220 447 301 500 m
345 446 487 490 LlBELLVS
503 446 687 490 srlnltvnlls
703 445 852 489 exuncnll
897 446 985 499 Q

221 590 356 657 repente
378 580 553 641 sordidari:
583 580 668 658 quod
698 579 836 640 internis
863 597 901 640 ac
924 581 983 642 de-

220 679 306 739 votis
337 678 503 740 exercitiis
536 695 602 739 non
637 677 768 740 insistit.
818 676 981 739 Omnium

222 777 451 838 exercitiorum
481 777 621 854 primum
652 787 684 839 et
712 777 791 839 utile
812 777 915 854 magis
938 778 980 837 ad

221 875 445 952 purgationem
468 875 588 936 mentis
610 886 670 952 est,
691 876 862 953 passiones
884 875 979 937 vitio-

198 990 293 1033 erum
315 989 510 1050 agnoscere:
532 984 564 1035 et
584 973 729 1034 remedia
742 991 855 1035 eorum
871 991 890 1033 a
905 974 978 1034 Deo

221 1088 295 1131 cum
317 1069 439 1147 gemitu
462 1079 494 1130 et
516 1070 659 1131 lacrimis
680 1072 854 1147 postulare.
892 1072 976 1132 Nam

220 1184 382 1244 pauperes
403 1168 524 1244 aegroti
554 1177 586 1228 et
609 1168 801 1229 vulneribus
829 1169 977 1245 corporis

126 1269 136 1278 '
220 1264 351 1326 afflicti:
385 1265 544 1326 luctuosis
575 1266 728 1342 precibus
759 1283 855 1342 opem
886 1283 977 1326 cura-

221 1362 320 1425 tionis
334 1380 353 1422 a
368 1363 612 1424 transeuntibus
628 1364 742 1424 sedule
757 1373 880 1440 petunt.
915 1363 977 1424 Mi-

188 1461 363 1521 rosericors
385 1470 493 1521 autem
516 1471 548 1522 et
568 1462 642 1538 pius
658 1461 820 1522 Dominus
842 1479 907 1522 non
923 1463 977 1522 de-

221 1558 338 1635 spiciet
366 1558 545 1619 orationem
578 1559 706 1621 contriti
736 1559 887 1636 spiritus:
918 1577 976 1636 pro

221 1665 353 1716 aeterna
380 1656 485 1717 salute
513 1657 684 1734 gementis.
728 1657 858 1718 Habeas
880 1657 978 1734 igitur

222 1753 376 1814 exercitia
385 1763 459 1814 tuae
470 1754 710 1815 conversationi
722 1771 877 1831 congrua:
894 1772 977 1832 quae

221 1861 252 1912 te
268 1851 439 1926 instruant,
454 1861 623 1928 renovent,
638 1861 670 1912 et
682 1852 869 1912 accendant.
902 1852 976 1912 Non

188 1968 212 2008 rs
221 1949 340 2009 debent
351 1949 431 2008 haec
446 1947 570 2024 privata
585 1949 759 2009 excludere
774 1949 978 2026 communia3

221 2046 279 2106 sed
302 2045 341 2104 ad
356 2062 395 2105 ea
409 2055 440 2106 te
456 2047 688 2123 promptiorem
705 2047 807 2124 magis
823 2047 978 2108 reddere:

222 2154 256 2205 ut
277 2144 311 2205 in
333 2145 423 2205 nullo
452 2145 683 2207 detrimentum
712 2145 860 2206 internae
887 2146 978 2222 pacis

221 2243 378 2303 incurras.
422 2242 519 2319 Quod
548 2243 575 2303 si
605 2244 645 2303 ab
673 2243 813 2320 inceptis
837 2243 903 2305 tuis
924 2261 977 2304 oc·

221 2340 978 2418 casionealiquaimpediris:quantociusvales,

184 2438 315 2499 nostude
330 2438 370 2498 ad
385 2447 417 2498 te
432 2437 539 2514 ipsum
555 2439 676 2499 habere
692 2456 872 2500 recursum.
903 2439 978 2499 Fre·

221 2545 359 2612 quenter
394 2536 490 2596 etiam
526 2546 617 2597 tuum
654 2536 780 2613 inspice
813 2535 977 2597 libellum:
1067 2527 1068 2550 ³

220 2642 255 2693 ut
281 2632 401 2692 clarius
429 2632 486 2693 tibi
515 2633 699 2694 innotescat
726 2634 875 2695 internus
904 2651 977 2710 pro-

221 2728 327 2790 iectus
357 2739 433 2791 tuus
469 2731 539 2791 sive
575 2730 733 2792 delectus.
787 2731 975 2793 Secundum
1067 2795 1068 2804 ,

220 2827 325 2888 datam
355 2827 411 2888 tibi
441 2827 592 2905 gratiam:
620 2827 805 2905 praeforma
833 2839 907 2890 tuae
929 2828 978 2889 in·
1067 2819 1068 2888 l

184 2923 399 2988 restitutionis
430 2942 587 2987 normam.
638 2926 743 2986 Nemo
779 2925 898 2986 melius
929 2925 978 2985 in·

220 3023 357 3084 struitur
384 3023 423 3083 ad
449 3023 705 3099 omnebonum,
733 3040 830 3100 quam
853 3022 977 3099 Spiritu

220 3129 333 3181 sancto
364 3119 454 3181 intus
489 3129 621 3197 agente:
657 3120 752 3181 cuius
787 3119 976 3181 unctionem

221 3217 309 3277 mitis
331 3226 364 3278 et
385 3216 519 3278 humilis
543 3216 671 3278 facilius
692 3228 907 3293 promeretur.

260 3314 424 3391 Sapientis
447 3324 497 3375 est
519 3315 669 3376 ordinare
690 3314 789 3375 vitam
812 3332 921 3376 suam:
944 3327 978 3377 et

183 3412 363 3477 aodebitum
399 3413 525 3473 actibus
559 3412 630 3473 suis
665 3411 835 3489 imponere
866 3413 976 3474 linem.

220 3510 357 3586 Oportet
393 3511 489 3571 etiam
525 3510 754 3572 convenientia
788 3510 896 3571 media
928 3510 977 3571 in·

576 3614 618 3658 aaz
