2160 4194
1058 403 1062 428 l

239 437 280 489 ΘΧ)
305 436 446 479 LIBEIIVS
462 437 501 480 DE
518 436 694 480 DISCIPLINA
708 437 935 481 CLAVSTRALIVM
955 438 994 491 ζῶ
1061 431 1062 452 ³

242 572 364 631 huntur
392 572 430 631 ad
460 582 617 633 consueta
645 572 733 633 vitia.
777 573 813 632 In
841 575 903 633 hac
931 572 994 632 vita

241 684 324 744 quae
340 677 405 729 tota
420 669 587 744 temptatio
597 669 726 745 dicitur,
741 680 868 746 oportet
878 671 993 732 cotidie

242 775 367 826 certare
389 776 421 826 et
444 766 580 827 lirmiter
594 784 787 844 proponere,
809 778 841 830 et
861 769 993 845 gratiam

242 864 385 924 divinam
415 864 605 941 implorare:
636 865 740 926 donec
768 875 872 927 status
898 866 995 927 huius

219 961 386 1022 slubricae
397 962 483 1023 vitae
494 970 526 1022 et
537 962 683 1024 intestini
695 963 884 1024 certaminis
900 963 995 1023 luerit

1062 989 1065 1068 l

242 1058 363 1120 finitus.
406 1060 480 1120 Non
512 1059 679 1122 invenitur
706 1061 760 1122 hic
788 1063 920 1140 aliquod
949 1079 994 1123 re·
1064 1079 1065 1086 ¹

242 1157 386 1218 medium
402 1175 467 1234 quo
482 1159 579 1234 plene
595 1176 710 1220 omnes
725 1159 878 1221 vitiorum
891 1159 994 1221 morbi

243 1265 415 1332 sanentur3
450 1255 494 1316 ita
525 1257 611 1334 quod
642 1258 754 1318 nullus
782 1266 890 1318 motus
922 1275 995 1318 con·

243 1352 464 1429 cupiscentiae
487 1356 661 1416 sentiatur:
687 1355 847 1433 quiahoc
870 1355 995 1416 futurae
1064 1435 1065 1442 ἵ

209 1466 234 1507 ιο
243 1451 452 1512 beatitudinis
464 1461 514 1512 est
525 1451 645 1512 donum
658 1453 995 1529 sanctispromissum.

243 1547 308 1609 Sed
339 1558 448 1609 tamen
478 1550 580 1626 gratia
610 1551 670 1611 Dei
700 1551 831 1611 iuvante
859 1557 996 1626 possunt

244 1645 318 1706 mali
336 1654 444 1706 motus
466 1646 642 1724 refrenari3
664 1658 697 1709 et
718 1648 910 1709 occasiones
924 1665 997 1724 pec-

244 1743 337 1803 candi
350 1744 460 1805 vitari:
476 1755 573 1822 atque
584 1747 730 1807 maculae
746 1755 930 1806 contractae
941 1762 998 1822 per

244 1841 392 1917 singulos
412 1841 483 1902 dies
497 1843 694 1919 paenitendo
716 1843 826 1904 lavari.
857 1843 999 1919 Magnus

210 1937 335 1998 rslabor
364 1948 415 1998 est
447 1957 503 2000 cor
533 1940 699 2001 custodire
728 1941 767 2001 ab
798 1940 999 2001 irruentibus
1064 1985 1065 1992 t

245 2034 349 2094 vitiis:
379 2045 411 2095 et
432 2053 497 2097 non
520 2037 607 2098 allici
630 2038 668 2098 ad
695 2037 802 2114 aliqua
829 2038 1000 2099 sensibilia

245 2131 335 2192 ioris,
377 2131 443 2193 Aut
474 2135 561 2195 enim
591 2144 719 2196 creator
745 2145 778 2195 te
807 2145 917 2196 movet
945 2145 1000 2196 aut

244 2238 409 2290 creatura:
446 2240 479 2291 et
509 2232 690 2292 secundum
723 2241 842 2293 statum
879 2233 1001 2293 mentis

245 2337 420 2387 moventur
450 2328 566 2389 leviter
596 2329 744 2405 corporis
775 2329 937 2406 membra3
969 2340 1001 2390 et

208 2423 326 2488 aonihil
358 2424 393 2484 lit
423 2424 456 2484 in
485 2427 586 2486 verbo
615 2427 667 2487 vel
697 2443 811 2503 opere:
843 2427 931 2503 quod
960 2443 1001 2487 ex

246 2523 354 2584 radice
376 2523 485 2584 cordis
500 2541 565 2584 non
584 2524 742 2600 procedit.
771 2525 886 2584 Bonus
901 2526 1002 2584 homo

246 2621 393 2681 debono
415 2622 571 2681 thesauro
594 2622 702 2682 cordis
726 2621 776 2682 sui
799 2620 924 2696 profert
946 2621 1003 2681 bo-

245 2734 341 2779 num:
364 2728 395 2779 et
417 2721 522 2780 malus
544 2719 668 2796 profert
686 2719 806 2779 malum
830 2718 873 2778 ait
890 2719 1003 2779 Domi·
1064 2787 1065 2800 χ

246 2833 319 2876 nus.
359 2816 470 2876 Debes
492 2833 569 2893 ergo
591 2816 731 2877 maxime
753 2815 888 2892 vigilare
915 2815 1003 2876 circa

209 2913 426 2976 escustodiam
449 2914 572 2974 cordis:
603 2924 635 2974 et
657 2913 864 2974 considerare
888 2915 1003 2991 quales

247 3011 459 3088 cogitationes
475 3022 507 3073 et
521 3011 714 3072 affectiones
736 3011 824 3072 intus
840 3010 947 3087 geris3
969 3019 1004 3072 ut

247 3110 348 3170 malas
371 3109 434 3170 cito
457 3127 593 3185 respuas
609 3118 641 3169 et
656 3109 759 3170 bonas
776 3124 944 3169 assumas:
967 3127 1003 3169 ac

247 3208 287 3267 de
309 3207 447 3269 utilitate
463 3207 590 3266 animae
612 3215 687 3266 tuae
709 3221 841 3282 semper
861 3205 1003 3266 sollicite

247 3321 402 3379 pensare:
432 3305 519 3365 iuxta
546 3305 624 3364 illud
647 3304 824 3381 prophetae
853 3303 1003 3364 verbum.

211 3403 366 3465 aoAnima
381 3421 454 3463 mea
475 3401 675 3462 inmanibus
695 3401 778 3460 meis
800 3417 951 3476 semper:
973 3410 1004 3462 et
1064 3421 1065 3434 ¹

247 3501 352 3576 legem
383 3511 469 3560 tuam
499 3516 564 3559 non
597 3515 669 3558 sum
702 3498 832 3559 oblitus.
875 3495 909 3557 Si
942 3501 1004 3558 hoc
1064 3575 1065 3588 ἢ

604 3602 645 3643 Μ
