2142 4194
238 459 360 513 m
429 459 468 503 DE
484 461 663 504 ΙΜΙΤΑΤΙΟΝΕ
679 460 803 505 CHRISTI
874 461 1001 516 ἴῶῇᾒῖᾆ)

238 610 376 653 securus
398 593 445 654 sis
466 612 540 655 cum
563 595 676 656 beatis,
705 594 795 656 Tunc
813 594 901 656 enim
916 595 998 656 iusti

238 693 369 752 stabunt
396 691 430 752 in
458 709 575 768 magna
605 693 803 754 constantia:
835 694 999 754 adversus
1068 695 1069 720 ³

237 805 296 850 eos
311 789 366 866 qui
382 806 419 849 se
429 790 697 866 angustiaverunt
707 801 740 851 et
750 791 998 867 depresserunt.

237 885 328 946 Tunc
350 887 447 947 stabit
468 888 507 947 ad
522 887 746 949 iudicandum:
769 888 824 965 qui
839 889 937 949 modo
959 907 998 950 se

215 983 356 1044 ssubicit
370 985 539 1046 humiliter
550 986 681 1046 iudiciis
696 987 877 1046 hominum.
902 986 998 1047 Tunc

237 1099 385 1158 magnam
409 1083 559 1144 liduciam
582 1085 715 1145 habebit
735 1101 859 1161 pauper
880 1094 912 1144 et
935 1086 998 1145 hu·

237 1180 339 1240 milis:
355 1189 388 1240 et
401 1181 532 1257 pavebit
542 1182 687 1259 undique
698 1182 870 1259 superbus,
901 1181 996 1243 Tunc

235 1279 399 1339 videbitur
427 1279 613 1356 sapiens'in
635 1283 698 1341 hoc
720 1280 842 1341 mundo
872 1280 996 1341 luisse:

236 1376 290 1452 qui
302 1394 360 1454 pro
373 1376 508 1438 Christo
521 1377 634 1437 didicit
644 1378 763 1438 stultus
775 1386 807 1437 et
817 1377 996 1454 despectus

200 1490 320 1535 roesse.
349 1473 440 1536 Tunc
462 1475 603 1551 placebit
625 1475 733 1536 omnis
754 1473 918 1535 tribulatio
939 1493 996 1552 pa·

235 1573 354 1633 tienter
375 1589 547 1649 perpessa:
577 1582 609 1633 et
631 1573 738 1633 omnis
760 1572 916 1649 iniquitas
937 1591 996 1651 op·

234 1669 346 1745 pilabit
374 1688 412 1731 os
441 1688 548 1730 suum.
590 1669 681 1730 Tunc
703 1670 855 1746 gaudebit
884 1671 995 1731 omnis

234 1768 388 1828 devotus:
413 1777 446 1828 et
467 1768 626 1828 maerebit
647 1767 755 1827 omnis
777 1767 994 1844 irreligiosus.

233 1865 324 1926 Tunc
347 1867 420 1942 plus
443 1865 599 1927 exultabit
623 1883 698 1927 caro
728 1865 864 1925 afflicta:
893 1883 992 1942 quam
1068 1881 1069 1888 ¹

199 1964 261 2024 issi
277 1965 310 2024 in
326 1964 453 2024 deliciis
470 1964 587 2025 luisset
602 1981 734 2040 semper
747 1963 877 2023 nutrita.
899 1962 994 2024 Tunc

233 2062 417 2138 splendebit
432 2061 562 2122 habitus
577 2061 669 2122 vilis:
692 2071 724 2122 et
741 2062 994 2121 obtenebrescet

233 2157 993 2235 vestissubtilis.Tuncpluslaudabiturpauper-
1068 2163 1069 2188 ³

233 2258 342 2319 culum
358 2256 574 2318 domicilium:
590 2273 687 2332 quam
699 2256 888 2317 deauratum
905 2256 993 2331 pala-

232 2355 324 2415 tium.
338 2353 430 2415 Tunc
438 2355 512 2430 plus
523 2354 646 2414 iuvabit
657 2363 811 2414 constans
820 2353 991 2430 patientia:

195 2466 223 2508 ao
233 2470 329 2530 quarn
341 2452 569 2513 omnismundi
578 2451 731 2528 potentia.
747 2451 838 2512 Tunc
849 2452 992 2529 amplius

233 2551 425 2612 exaltabitur
459 2549 598 2626 simplex
634 2549 856 2610 oboedientia:
892 2565 991 2626 quam
1068 2621 1069 2624 Ἴ

232 2649 340 2710 omnis
355 2646 533 2708 saecularis
548 2647 675 2707 astutia.
704 2645 795 2706 Tunc
811 2647 885 2722 plus
900 2645 992 2706 laeti·
1068 2631 1069 2652 ¹

233 2745 339 2806 licabit
367 2764 447 2822 pura
476 2755 508 2805 et
534 2746 618 2804 bona
646 2743 862 2804 conscientia:
892 2760 990 2819 quam

232 2844 325 2904 docta
347 2841 562 2920 philosophia.
598 2840 689 2901 Tunc
704 2841 778 2918 plus
798 2840 992 2917 ponderabit

194 2953 222 2996 25
232 2951 438 3017 contemptus
460 2939 662 3001 divitiarum:
690 2956 786 3015 quam
809 2947 898 2998 totus
920 2939 991 2998 the-

232 3057 349 3100 saurus
371 3038 617 3115 terrigenarum.
660 3035 751 3096 Tunc
781 3035 884 3112 magis
913 3052 992 3096 con-

231 3137 389 3197 solaberis
420 3151 520 3212 super
550 3135 667 3195 devota
697 3133 859 3194 oratione:
892 3149 989 3209 quam

231 3252 331 3311 super
352 3234 489 3295 delicata
512 3233 725 3294 comestione.
766 3229 858 3290 Tunc
880 3230 991 3306 potius

230 3333 387 3410 gaudebis
415 3333 455 3392 de
484 3340 613 3392 servato
642 3329 790 3391 silentio:
821 3345 919 3404 quam
950 3329 990 3388 de

194 3432 326 3508 solonge
355 3430 562 3490 fabulatione.
610 3427 701 3488 Tunc
730 3427 804 3503 plus
834 3426 991 3486 valebunt

232 3538 342 3589 sancta
358 3545 471 3603 opera:
494 3543 590 3603 quam
607 3525 708 3585 multa
722 3524 858 3600 pulchra
880 3525 989 3583 verba.

597 3629 624 3670 50
