2146 4194
67 443 350 499 &mm
413 447 487 490 11136
540 447 822 504 &imm

67 588 98 639 et
121 578 193 639 Deo
214 579 317 656 magis
346 597 442 656 quam
465 581 526 641 sibi
551 582 613 659 ipsi
636 583 822 646 confidenti.

67 675 163 736 Multi
179 678 281 737 multa
295 678 486 755 loquuntur:
501 689 534 740 et
547 680 621 740 ideo
632 698 731 758 parva
741 682 822 743 fides

67 785 116 836 est
130 765 323 836 adhibenda.
349 775 414 836 Sed
428 787 460 836 et
475 777 627 838 omnibus
638 779 717 839 satis
732 797 822 841 esse:

66 890 131 932 non
154 884 205 934 est
226 874 392 950 possibile.
422 874 460 935 Et
482 875 509 935 si
528 876 648 937 Paulus
670 879 822 940 omnibus

66 973 191 1032 studuit
219 973 253 1032 in
276 973 417 1033 Domino
441 975 588 1051 placere,
616 987 648 1037 et
670 977 858 1037 omnibuss

65 1071 176 1131 omnia
187 1070 292 1131 iactus
308 1081 374 1132 est:
389 1081 497 1132 tamen
509 1073 605 1134 etiam
617 1091 675 1150 pro
687 1074 822 1134 minimo

65 1169 156 1230 duxit
178 1170 266 1246 quod
288 1169 326 1228 ab
342 1170 485 1230 humano
501 1170 553 1230 die
568 1171 729 1232 iudicatus
752 1172 822 1233 fuit.

66 1267 137 1344 Egit
166 1267 246 1327 satis
277 1283 334 1344 pro
366 1267 503 1327 aliorum
535 1269 759 1332 aedificatione
791 1280 822 1331 et

64 1366 170 1425 salute
191 1374 347 1441 quantum
370 1365 403 1425 in
419 1383 456 1426 se
471 1376 540 1426 erat
554 1376 586 1427 et
601 1376 741 1443 poterat:
764 1367 822 1427 sed

65 1479 106 1523 ne
129 1463 168 1522 ab
191 1461 264 1522 aliis
279 1462 453 1539 aliquando
475 1463 674 1526 iudicaretur
688 1465 740 1524 vel
757 1482 822 1525 non
834 1479 859 1520 to

64 1560 302 1637 despiceretur,
325 1561 480 1621 cohibere
501 1579 567 1621 non
590 1561 702 1637 potuit.
746 1561 822 1621 Ideo

63 1669 168 1719 totum
193 1659 263 1718 Deo
286 1658 450 1719 commisit
471 1658 526 1734 qui
549 1668 651 1719 totum
674 1669 823 1720 noverat:

64 1765 95 1816 et
117 1755 275 1832 patientia
302 1772 339 1815 ac
361 1755 544 1816 humilitate
566 1767 679 1816 contra
700 1775 756 1816 ora
778 1758 823 1817 lo-

63 1854 236 1930 quentium
252 1853 374 1930 iniqua,
395 1854 560 1915 autetiam
577 1873 660 1915 vana
681 1873 717 1916 ac
733 1873 823 1916 men·

64 1952 146 2011 dosa
155 1951 366 2028 cogitantium
377 1962 473 2028 atque
484 1969 543 2028 pro
554 1949 646 2014 libitu
657 1971 717 2014 suo
726 1971 823 2031 quae·
835 1969 860 2010 15

64 2066 129 2125 que
158 2049 346 2110 iactantiam
375 2067 412 2109 se
441 2050 597 2111 deiendit.
645 2051 823 2127 Respondit

64 2157 175 2208 tamen
198 2147 378 2208 interdum:
401 2165 441 2207 ne
464 2147 603 2208 infirmis
619 2165 658 2208 ex
674 2166 733 2208 sua
747 2149 823 2209 taci-

64 2245 220 2305 turnitate
249 2254 461 2321 generaretur
488 2245 687 2307 scandalum.
738 2246 824 2323 Quis

64 2352 110 2416 tu,
133 2353 168 2402 ut
190 2341 307 2402 timeas
329 2359 348 2401 a
368 2342 495 2404 mortali
518 2343 679 2403 homine?
717 2342 823 2403 Hodie

65 2450 133 2500 est:
156 2450 189 2500 et
211 2456 283 2499 cras
304 2455 370 2498 non
388 2451 563 2516 comparet.
600 2442 706 2501 Deum
729 2441 861 2501 timezao

65 2549 97 2597 et
128 2536 300 2597 hominum
335 2547 478 2597 terrores
513 2555 579 2597 non
615 2554 824 2614 expavesces.

66 2634 156 2711 Quid
180 2643 287 2711 potest
309 2635 427 2710 aliquis
452 2635 485 2694 in
509 2646 541 2695 te
569 2635 680 2695 verbis
701 2646 755 2695 aut
776 2636 824 2695 in·

65 2732 188 2792 iuriis?
224 2731 292 2791 Sibi
308 2732 416 2808 potius
438 2743 534 2792 nocet
549 2750 645 2809 quam
667 2732 741 2792 tibi:
764 2749 824 2793 nec

65 2830 186 2905 poterit
208 2829 364 2889 iudicium
381 2829 442 2888 Dei
459 2829 604 2907 effugere
626 2830 825 2907 quicumque

65 2937 116 2986 est
138 2927 205 2986 ille.
248 2926 295 2986 Tu
318 2928 401 2987 habe
422 2928 528 2988 Deum
551 2945 628 3004 prae
651 2928 771 2988 oculis:
794 2937 861 2988 etas

66 3025 133 3084 noli
150 3026 351 3085 contendere
366 3025 476 3085 verbis
493 3025 689 3102 querulosis.
728 3025 825 3102 Quod

65 3122 93 3181 si
124 3123 163 3182 ad
194 3139 352 3198 praesens
380 3133 414 3182 tu
437 3123 559 3182 videris
581 3122 768 3197 succumbi,
794 3133 826 3182 et

65 3220 297 3281 confusionem
320 3220 384 3296 pati
403 3237 499 3297 quam
515 3237 580 3281 non
596 3219 761 3280 meruisti:
784 3236 825 3279 ne

66 3316 249 3394 indigneris
265 3334 304 3377 ex
316 3319 389 3393 hoc,
404 3334 512 3393 neque
523 3335 581 3393 per
591 3318 824 3394 impatientiam

66 3415 197 3476 minuas
220 3433 374 3476 coronam
395 3424 500 3491 tuam;
522 3415 579 3476 sed
595 3415 634 3475 ad
650 3433 702 3475 me
718 3415 826 3490 potius
835 3436 862 3476 ao

66 3513 196 3589 respice
211 3514 245 3572 in
261 3512 398 3587 caelum,
414 3513 468 3588 qui
484 3522 600 3588 potens
612 3530 684 3572 sum
698 3512 825 3588 eripere

427 3617 465 3658 211
676 3617 717 3658 14·
