2160 4194
85 453 838 509 ffiffifflffi⁴fflmffl

88 607 137 666 es,
161 589 188 649 si
213 590 319 649 Deum
341 588 509 665 perdidisti
532 598 664 665 propter
686 587 838 648 fabulas?

89 687 169 748 Ecce
197 687 270 746 sine
293 687 363 746 Deo
385 685 495 746 omnia
518 686 660 747 vanitas:
689 685 837 747 meditari

88 795 191 846 autem
215 785 255 845 de
271 785 341 844 Deo
357 784 438 844 mira
452 783 573 845 mentis
588 785 741 847 suavitas.
770 785 838 846 Vti-

88 901 158 944 nam
188 884 305 943 damno
336 893 391 942 tuo
421 882 580 943 erudiaris
611 883 650 942 ad
679 884 837 944 cautelam

87 979 274 1056 ampliorem
298 979 378 1039 foris
393 979 585 1040 habendam.
615 980 694 1040 Redi
708 981 862 1041 tandem⁵

87 1079 123 1138 ad
138 1088 171 1138 te
186 1078 307 1154 ipsum:
323 1077 399 1138 licet
414 1077 603 1154 inquinatus
613 1087 645 1138 et
656 1077 839 1138 distractus,

87 1175 256 1251 Recupera
286 1175 319 1235 in
350 1183 495 1235 secreto:
526 1175 612 1251 quod
644 1175 678 1234 in
709 1175 839 1251 publico

86 1272 233 1333 amisisti.
270 1273 344 1332 Heu
367 1289 440 1332 raro
462 1272 568 1332 exitur
590 1272 662 1332 sine
677 1273 840 1348 periculo:
890 1347 891 1350 Ἴ

85 1370 190 1430 rarius
200 1370 272 1430 sine
281 1371 376 1447 culpa
384 1370 517 1432 reditur.
531 1372 840 1448 Reversusgemens

85 1477 172 1528 tace:
186 1477 218 1528 et
227 1467 338 1527 omnia
346 1467 403 1528 tibi
415 1468 532 1528 nociva
542 1469 689 1529 exclude.
712 1469 877 1530 Memorio

0 1611 1 1616 1
85 1565 133 1624 sis
156 1565 217 1625 Dei
240 1565 359 1626 solius:
382 1575 496 1626 necte
519 1577 648 1628 moveat
669 1567 710 1627 de
732 1577 841 1628 cetero

85 1663 245 1740 spatiandi
261 1663 441 1724 discursus.
469 1664 543 1725 Vidi
565 1664 755 1742 frequenter
769 1682 842 1726 eva-

84 1773 216 1838 gantes:
238 1772 270 1823 et
289 1762 414 1822 nullum
438 1762 580 1823 fructum
595 1762 671 1823 inde
688 1762 841 1824 ferentes.

126 1858 842 1937 Temporelaborisvelscripturaezadbreves

85 1958 251 2019 orationes
280 1974 422 2018 recurre.
466 1957 606 2018 Rumina
627 1975 667 2018 ex
688 1959 842 2034 psalterio
854 1975 878 2015 rs

84 2055 297 2130 versiculum,
318 2064 373 2115 aut
394 2055 618 2130 evangelicum
639 2066 750 2131 repete
771 2072 843 2115 ver-

1 2179 3 2198 »
84 2153 180 2213 bum:
202 2153 289 2229 quod
310 2162 342 2213 te
362 2152 633 2214 commonefaciat
654 2162 686 2213 et
700 2153 842 2213 taedium

83 2252 194 2328 pellat.
223 2250 361 2327 Oportet
376 2251 462 2328 quod
478 2251 524 2311 sis
540 2251 678 2328 diligens
694 2260 844 2327 operator

83 2358 141 2408 aut
170 2347 308 2409 devotus
340 2358 463 2409 orator:
494 2349 521 2408 si
553 2349 587 2409 in
616 2348 677 2408 Dei
708 2348 843 2408 servitio

84 2444 247 2523 proficere
258 2462 295 2505 ac
306 2461 518 2522 perseverare
530 2445 710 2506 contendis.
722 2445 880 2523 Quam-20

84 2543 138 2604 vis
161 2543 259 2621 igitur
279 2544 473 2620 saepissime
488 2543 696 2621 evagationes
712 2543 844 2620 patiaris

84 2642 209 2703 mentis
231 2641 392 2718 impurae:
421 2641 460 2701 ad
482 2641 577 2703 solita
598 2653 706 2702 tamen
729 2641 844 2702 oratio·

84 2757 167 2800 num
179 2755 269 2799 arma
278 2739 474 2800 etbonarum
484 2739 845 2801 meditationumstudia

84 2836 186 2898 citius
207 2847 240 2897 te
262 2847 426 2898 converte.

129 2934 230 2996 Omni
240 2934 476 3010 diespecialem
486 2934 657 2995 articulum
669 2933 843 2996 deChristi
853 2955 880 2995 25

84 3033 244 3110 passione
255 3050 402 3093 assume:
418 3049 479 3093 nec
494 3050 559 3092 non
571 3033 760 3093 memoriam
771 3031 845 3091 bea-

84 3142 140 3192 tae
163 3130 310 3208 virginis,
331 3130 396 3191 tuis
418 3130 578 3191 intersere
601 3129 765 3190 exercitiis
786 3146 844 3205 pro

83 3226 845 3290 devotionecollectis.Libentersacroscodices

83 3327 213 3402 scribe3
235 3327 387 3403 quatinus
409 3326 491 3386 libro
513 3325 598 3386 vitae
620 3325 777 3385 merearis
799 3325 846 3385 in·

83 3425 207 3486 scribi:
236 3435 268 3486 et
296 3424 471 3486 aChristo
500 3440 558 3499 pro
587 3422 714 3483 modico
736 3422 882 3487 laborem

0 3543 1 3550 ¹
82 3521 227 3600 perenni
250 3522 394 3598 praemio
417 3521 520 3581 ditari.

449 3626 491 3667 ssa
696 3624 739 3666 22·
