2160 4194
241 427 322 481 &183
366 427 508 471 ttaattvs
524 427 708 472 satuimus
723 428 875 472 Exeacmt
919 429 997 483 [ᾱῦ

241 562 318 622 tiam
334 573 428 623 caute
443 579 632 638 conserves,
651 563 805 623 amissam
821 579 997 640 recuperes

242 660 328 720 etad
349 660 552 736 spiritualem
569 661 752 737 proiectum
767 662 998 722 vehementius

242 756 405 817 inciteris:
426 757 553 819 deflens
574 775 673 819 omne
687 759 808 818 malurn
827 759 915 836 quod
938 761 997 820 hac

241 854 294 914 die
315 856 519 931 perpetrasti.

218 1064 231 1105 ⁵
322 1050 378 1110 ua
401 1047 526 1112 Hono
549 1051 845 1114 uonn1r1ou1s
869 1051 920 1112 nr

377 1148 651 1211 uocrvnunn
682 1150 866 1228 Qvffirls.

487 1308 693 1358 CAPITVLVM
711 1309 754 1359 XI.

240 1383 517 1602 &Nequam
548 1446 647 1506 vadas
682 1446 878 1506 dormitum:
914 1446 998 1506 bona

373 1543 583 1604 meditatione
599 1552 630 1603 et
645 1543 791 1604 oratione
810 1553 842 1604 te
864 1545 998 1604 studeas

208 1641 460 1716 ropraemunire.
513 1643 562 1702 De
595 1641 749 1718 passione
780 1641 913 1702 Domini
944 1642 997 1702 vel

242 1738 362 1799 iudicio
386 1739 511 1799 futuro:
533 1739 620 1816 quod
642 1747 674 1798 te
688 1738 792 1815 magis
809 1739 997 1816 compungit

242 1836 368 1896 seriose
391 1846 566 1898 memento.
602 1837 720 1897 lnvoca
742 1837 850 1897 lesum
874 1847 906 1898 et
928 1838 997 1898 Ma·

242 1933 322 1992 riam
345 1943 377 1994 et
399 1933 532 2011 angelos
554 1943 685 1994 sanctos
700 1943 735 1994 ut
756 1943 788 1994 te
804 1933 998 2008 custodiant,

242 2047 279 2091 ac
295 2030 466 2092 illusiones
482 2041 658 2092 nocturnas
678 2031 807 2108 longius
823 2032 999 2108 repellant3

208 2145 283 2188 isne
299 2128 341 2188 sit
356 2145 492 2190 somnus
514 2139 591 2190 tuus
605 2129 768 2190 bestialis:
791 2129 849 2189 sed
866 2129 998 2190 sobrius

242 2227 380 2302 pudicus
396 2237 427 2288 et
442 2227 583 2303 quietus.
605 2224 656 2287 Ad
671 2227 815 2287 sobrium
828 2243 997 2288 somnum:

242 2325 330 2385 iuvat
351 2325 436 2385 bona
467 2324 613 2385 custodia
641 2324 749 2385 cordis
771 2342 808 2385 ac
836 2342 998 2385 sensuum

242 2440 301 2498 per
328 2423 424 2484 diem.
473 2422 568 2499 Quae
598 2423 684 2483 enim
712 2423 876 2500 vigilando
905 2440 998 2484 exer·

242 2530 374 2582 centur:
396 2522 512 2581 horum
529 2521 687 2598 imagines
704 2521 737 2581 in
753 2521 879 2582 somnis
894 2521 999 2581 liben-

205 2628 292 2679 2oter
305 2629 470 2694 apparent.
495 2619 594 2696 Signa
609 2619 749 2680 frontem
765 2636 802 2679 os
817 2628 849 2679 et
864 2628 999 2695 pectus:

243 2726 277 2777 ut
300 2717 391 2776 Deus
420 2733 476 2776 cor
503 2727 594 2778 tuum
623 2717 663 2777 ab
687 2716 775 2777 omni
798 2715 882 2776 malo
905 2733 999 2792 prae-

242 2824 352 2875 servet
374 2831 536 2892 renesque
559 2814 768 2891 constringat.
813 2813 861 2874 Sit
890 2813 999 2874 lectus

241 2920 317 2971 tuus
332 2911 422 2972 velut
443 2912 664 2988 sepulchrum,
686 2911 719 2971 in
742 2927 806 2988 quo
824 2911 1000 2988 quieturus

242 3027 278 3070 es
300 3009 481 3070 modicum:
510 3009 606 3086 paulo
628 3018 701 3085 post
727 3008 844 3069 iterum
867 3025 1000 3068 surrec-

205 3117 334 3169 2sturus
356 3109 396 3168 ad
411 3107 538 3184 vigilias
560 3116 592 3167 et
610 3106 671 3167 Dei
694 3105 807 3166 laudes
829 3106 1000 3166 celebran-

241 3205 308 3266 das.
353 3205 485 3282 Quanto
515 3203 737 3280 praeparatius
769 3203 891 3263 transis
924 3204 1001 3264 dor·

242 3303 373 3364 mitum:
388 3312 476 3363 tanto
492 3301 672 3378 expeditior
687 3300 753 3361 eris
768 3301 807 3360 ad
822 3316 1001 3378 resurgen-

241 3401 328 3462 dum.
352 3401 497 3460 Devotos
512 3401 654 3476 hymnos
669 3407 702 3459 et
712 3398 855 3474 psalmos
866 3398 1001 3458 rumina
1072 3415 1073 3428 ¹

242 3498 339 3559 corde
371 3506 402 3557 et
433 3513 506 3557 ore:
543 3496 647 3557 donec
683 3495 819 3571 incipias
849 3495 1002 3557 suaviter

597 3597 638 3642 352
800 3611 801 3620 ,
