<?xml version="1.0" encoding="UTF-8"?>
<!DOCTYPE html PUBLIC "-//W3C//DTD XHTML 1.0 Transitional//EN"
    "http://www.w3.org/TR/xhtml1/DTD/xhtml1-transitional.dtd">
<html xmlns="http://www.w3.org/1999/xhtml" xml:lang="en" lang="en">
 <head>
  <title>
</title>
<meta http-equiv="Content-Type" content="text/html;charset=utf-8" />
  <meta name='ocr-system' content='tesseract 3.04.00' />
  <meta name='ocr-capabilities' content='ocr_page ocr_carea ocr_par ocr_line ocrx_word'/>
</head>
<body>
  <div class='ocr_page' id='page_1' title='image "./thomaehemerkena03pohlgoog_0443.png"; bbox 0 0 2178 4186; ppageno 0'>
   <div class='ocr_carea' id='block_1_1' title="bbox 240 429 995 484">
    <p class='ocr_par' dir='ltr' id='par_1_1' title="bbox 240 429 995 484">
     <span class='ocr_line' id='line_1_1' title="bbox 240 429 995 484; baseline 0.001 -13"><span class='ocrx_word' id='word_1_1' title='bbox 240 430 281 482; x_wconf 56' lang='grc' dir='ltr'>ΘΣ</span> <span class='ocrx_word' id='word_1_2' title='bbox 292 429 396 472; x_wconf 81' lang='lat' dir='ltr'>BREVIS</span> <span class='ocrx_word' id='word_1_3' title='bbox 406 430 585 474; x_wconf 75' lang='lat' dir='ltr'>ADMONITIO</span> <span class='ocrx_word' id='word_1_4' title='bbox 598 429 782 474; x_wconf 74' lang='lat' dir='ltr'>SPIRITVALIS</span> <span class='ocrx_word' id='word_1_5' title='bbox 796 431 948 474; x_wconf 80' lang='lat' dir='ltr'>EXERCITII</span> <span class='ocrx_word' id='word_1_6' title='bbox 958 432 995 484; x_wconf 59' lang='grc' dir='ltr'>ζῶ</span> 
     </span>
    </p>
   </div>
   <div class='ocr_carea' id='block_1_2' title="bbox 241 562 996 640">
    <p class='ocr_par' dir='ltr' id='par_1_2' title="bbox 241 562 996 640">
     <span class='ocr_line' id='line_1_2' title="bbox 241 562 996 640; baseline 0.003 -18"><span class='ocrx_word' id='word_1_7' title='bbox 241 562 427 640; x_wconf 83' lang='lat' dir='ltr'>praesentia</span> <span class='ocrx_word' id='word_1_8' title='bbox 446 564 605 640; x_wconf 84' lang='lat' dir='ltr'>gaudere;</span> <span class='ocrx_word' id='word_1_9' title='bbox 627 565 679 624; x_wconf 87' lang='lat' dir='ltr'>vel</span> <span class='ocrx_word' id='word_1_10' title='bbox 702 565 742 624; x_wconf 88' lang='lat' dir='ltr'>de</span> <span class='ocrx_word' id='word_1_11' title='bbox 757 565 906 625; x_wconf 83' lang='lat' dir='ltr'>absentia</span> <span class='ocrx_word' id='word_1_12' title='bbox 924 581 996 624; x_wconf 87' lang='lat' dir='ltr'>con·</span> 
     </span>
    </p>
   </div>
   <div class='ocr_carea' id='block_1_3' title="bbox 241 660 1070 750">
    <p class='ocr_par' dir='ltr' id='par_1_3' title="bbox 241 660 1070 750">
     <span class='ocr_line' id='line_1_3' title="bbox 241 660 1070 750; baseline 0.001 -30"><span class='ocrx_word' id='word_1_13' title='bbox 241 660 373 721; x_wconf 83' lang='lat' dir='ltr'>tristari.</span> <span class='ocrx_word' id='word_1_14' title='bbox 416 661 486 721; x_wconf 87' lang='lat' dir='ltr'>Nec</span> <span class='ocrx_word' id='word_1_15' title='bbox 508 661 596 722; x_wconf 87' lang='lat' dir='ltr'>enim</span> <span class='ocrx_word' id='word_1_16' title='bbox 619 670 653 721; x_wconf 91' lang='lat' dir='ltr'>tu</span> <span class='ocrx_word' id='word_1_17' title='bbox 675 661 730 722; x_wconf 92' lang='lat' dir='ltr'>diu</span> <span class='ocrx_word' id='word_1_18' title='bbox 752 662 806 722; x_wconf 91' lang='lat' dir='ltr'>hic</span> <span class='ocrx_word' id='word_1_19' title='bbox 829 663 912 723; x_wconf 88' lang='lat' dir='ltr'>eris:</span> <span class='ocrx_word' id='word_1_20' title='bbox 938 678 995 722; x_wconf 86' lang='lat' dir='ltr'>nec</span> <span class='ocrx_word' id='word_1_21' title='bbox 1069 743 1070 750; x_wconf 8' lang='grc' dir='ltr'>ἵ</span> 
     </span>
    </p>
   </div>
   <div class='ocr_carea' id='block_1_4' title="bbox 219 758 996 1031">
    <p class='ocr_par' dir='ltr' id='par_1_4' title="bbox 219 758 996 1031">
     <span class='ocr_line' id='line_1_4' title="bbox 242 758 995 835; baseline 0.001 -17"><span class='ocrx_word' id='word_1_22' title='bbox 242 758 287 818; x_wconf 90' lang='lat' dir='ltr'>illi</span> <span class='ocrx_word' id='word_1_23' title='bbox 311 758 407 819; x_wconf 84' lang='lat' dir='ltr'>etiam</span> <span class='ocrx_word' id='word_1_24' title='bbox 430 758 485 818; x_wconf 90' lang='lat' dir='ltr'>diu</span> <span class='ocrx_word' id='word_1_25' title='bbox 508 767 616 819; x_wconf 89' lang='lat' dir='ltr'>tecum</span> <span class='ocrx_word' id='word_1_26' title='bbox 639 761 886 835; x_wconf 87' lang='lat' dir='ltr'>permanebunt.</span> <span class='ocrx_word' id='word_1_27' title='bbox 923 759 995 821; x_wconf 91' lang='lat' dir='ltr'>Cito</span> 
     </span>
     <span class='ocr_line' id='line_1_5' title="bbox 242 856 996 938; baseline 0 -21"><span class='ocrx_word' id='word_1_28' title='bbox 242 866 359 917; x_wconf 88' lang='lat' dir='ltr'>cuncta</span> <span class='ocrx_word' id='word_1_29' title='bbox 380 856 536 938; x_wconf 87' lang='lat' dir='ltr'>oblivioni</span> <span class='ocrx_word' id='word_1_30' title='bbox 558 857 741 917; x_wconf 86' lang='lat' dir='ltr'>tradentur:</span> <span class='ocrx_word' id='word_1_31' title='bbox 771 867 802 917; x_wconf 87' lang='lat' dir='ltr'>et</span> <span class='ocrx_word' id='word_1_32' title='bbox 824 858 898 919; x_wconf 84' lang='lat' dir='ltr'>ideo</span> <span class='ocrx_word' id='word_1_33' title='bbox 919 868 996 918; x_wconf 87' lang='lat' dir='ltr'>tam·</span> 
     </span>
     <span class='ocr_line' id='line_1_6' title="bbox 219 953 995 1031; baseline 0.005 -22"><span class='ocrx_word' id='word_1_34' title='bbox 219 969 339 1031; x_wconf 84' lang='lat' dir='ltr'>squam</span> <span class='ocrx_word' id='word_1_35' title='bbox 362 953 501 1014; x_wconf 88' lang='lat' dir='ltr'>nihilum</span> <span class='ocrx_word' id='word_1_36' title='bbox 523 963 556 1014; x_wconf 90' lang='lat' dir='ltr'>et</span> <span class='ocrx_word' id='word_1_37' title='bbox 572 954 670 1015; x_wconf 88' lang='lat' dir='ltr'>inane</span> <span class='ocrx_word' id='word_1_38' title='bbox 685 972 800 1015; x_wconf 87' lang='lat' dir='ltr'>omnes</span> <span class='ocrx_word' id='word_1_39' title='bbox 815 973 870 1016; x_wconf 88' lang='lat' dir='ltr'>res</span> <span class='ocrx_word' id='word_1_40' title='bbox 885 954 995 1016; x_wconf 86' lang='lat' dir='ltr'>mundi</span> 
     </span>
    </p>
   </div>
   <div class='ocr_carea' id='block_1_5' title="bbox 241 1050 1071 1114">
    <p class='ocr_par' dir='ltr' id='par_1_5' title="bbox 241 1050 1071 1114">
     <span class='ocr_line' id='line_1_7' title="bbox 241 1050 1071 1114; baseline 0.001 -4"><span class='ocrx_word' id='word_1_41' title='bbox 241 1050 275 1110; x_wconf 89' lang='lat' dir='ltr'>in</span> <span class='ocrx_word' id='word_1_42' title='bbox 298 1050 395 1111; x_wconf 84' lang='lat' dir='ltr'>corde</span> <span class='ocrx_word' id='word_1_43' title='bbox 417 1059 472 1111; x_wconf 88' lang='lat' dir='ltr'>tuo</span> <span class='ocrx_word' id='word_1_44' title='bbox 490 1061 695 1114; x_wconf 85' lang='lat' dir='ltr'>censeantur.</span> <span class='ocrx_word' id='word_1_45' title='bbox 738 1051 786 1113; x_wconf 90' lang='lat' dir='ltr'>Sit</span> <span class='ocrx_word' id='word_1_46' title='bbox 808 1053 901 1113; x_wconf 90' lang='lat' dir='ltr'>locus</span> <span class='ocrx_word' id='word_1_47' title='bbox 922 1063 997 1112; x_wconf 88' lang='lat' dir='ltr'>tuus</span> <span class='ocrx_word' id='word_1_48' title='bbox 1054 1059 1071 1096; x_wconf 43' lang='grc' dir='ltr'><em>Δ</em></span> 
     </span>
    </p>
   </div>
   <div class='ocr_carea' id='block_1_6' title="bbox 241 1148 1071 1226">
    <p class='ocr_par' dir='ltr' id='par_1_6' title="bbox 241 1148 1071 1226">
     <span class='ocr_line' id='line_1_8' title="bbox 241 1148 1071 1226; baseline 0.001 -18"><span class='ocrx_word' id='word_1_49' title='bbox 241 1148 393 1224; x_wconf 88' lang='lat' dir='ltr'>proprius</span> <span class='ocrx_word' id='word_1_50' title='bbox 406 1165 542 1225; x_wconf 88' lang='lat' dir='ltr'>regnum</span> <span class='ocrx_word' id='word_1_51' title='bbox 554 1149 626 1226; x_wconf 86' lang='lat' dir='ltr'>Dei,</span> <span class='ocrx_word' id='word_1_52' title='bbox 642 1160 674 1209; x_wconf 90' lang='lat' dir='ltr'>et</span> <span class='ocrx_word' id='word_1_53' title='bbox 689 1150 815 1210; x_wconf 86' lang='lat' dir='ltr'>mansio</span> <span class='ocrx_word' id='word_1_54' title='bbox 832 1150 996 1211; x_wconf 88' lang='lat' dir='ltr'>caelestis:</span> <span class='ocrx_word' id='word_1_55' title='bbox 1070 1177 1071 1188; x_wconf 24' lang='grc' dir='ltr'><strong>κ</strong></span> 
     </span>
    </p>
   </div>
   <div class='ocr_carea' id='block_1_7' title="bbox 241 1245 1071 1320">
    <p class='ocr_par' dir='ltr' id='par_1_7' title="bbox 241 1245 1071 1320">
     <span class='ocr_line' id='line_1_9' title="bbox 241 1245 1071 1320; baseline 0.006 -16"><span class='ocrx_word' id='word_1_56' title='bbox 241 1245 296 1305; x_wconf 88' lang='lat' dir='ltr'>ubi</span> <span class='ocrx_word' id='word_1_57' title='bbox 320 1245 474 1307; x_wconf 85' lang='lat' dir='ltr'>Christus</span> <span class='ocrx_word' id='word_1_58' title='bbox 503 1257 554 1307; x_wconf 91' lang='lat' dir='ltr'>est</span> <span class='ocrx_word' id='word_1_59' title='bbox 579 1247 612 1306; x_wconf 94' lang='lat' dir='ltr'>in</span> <span class='ocrx_word' id='word_1_60' title='bbox 641 1248 774 1308; x_wconf 84' lang='lat' dir='ltr'>dextera</span> <span class='ocrx_word' id='word_1_61' title='bbox 796 1249 857 1309; x_wconf 86' lang='lat' dir='ltr'>Dei</span> <span class='ocrx_word' id='word_1_62' title='bbox 882 1248 996 1309; x_wconf 85' lang='lat' dir='ltr'>Patris.</span> <span class='ocrx_word' id='word_1_63' title='bbox 1070 1315 1071 1320; x_wconf 8' lang='grc' dir='ltr'>γ</span> 
     </span>
    </p>
   </div>
   <div class='ocr_carea' id='block_1_8' title="bbox 208 1343 997 1517">
    <p class='ocr_par' dir='ltr' id='par_1_8' title="bbox 208 1343 997 1517">
     <span class='ocr_line' id='line_1_10' title="bbox 242 1343 995 1422; baseline 0.001 -19"><span class='ocrx_word' id='word_1_64' title='bbox 242 1343 340 1404; x_wconf 88' lang='lat' dir='ltr'>Nulla</span> <span class='ocrx_word' id='word_1_65' title='bbox 361 1353 447 1404; x_wconf 86' lang='lat' dir='ltr'>terra</span> <span class='ocrx_word' id='word_1_66' title='bbox 461 1345 551 1405; x_wconf 89' lang='lat' dir='ltr'>nulla</span> <span class='ocrx_word' id='word_1_67' title='bbox 565 1346 677 1422; x_wconf 87' lang='lat' dir='ltr'>patria,</span> <span class='ocrx_word' id='word_1_68' title='bbox 699 1346 788 1406; x_wconf 88' lang='lat' dir='ltr'>nulla</span> <span class='ocrx_word' id='word_1_69' title='bbox 802 1345 919 1406; x_wconf 87' lang='lat' dir='ltr'>civitas</span> <span class='ocrx_word' id='word_1_70' title='bbox 940 1345 995 1406; x_wconf 86' lang='lat' dir='ltr'>tibi</span> 
     </span>
     <span class='ocr_line' id='line_1_11' title="bbox 208 1442 997 1517; baseline 0.006 -18"><span class='ocrx_word' id='word_1_71' title='bbox 208 1457 232 1498; x_wconf 87' lang='lat'>10</span> <span class='ocrx_word' id='word_1_72' title='bbox 241 1442 366 1517; x_wconf 86' lang='lat' dir='ltr'>placeat</span> <span class='ocrx_word' id='word_1_73' title='bbox 387 1450 441 1501; x_wconf 88' lang='lat' dir='ltr'>aut</span> <span class='ocrx_word' id='word_1_74' title='bbox 462 1442 581 1503; x_wconf 83' lang='lat' dir='ltr'>alliciat</span> <span class='ocrx_word' id='word_1_75' title='bbox 602 1444 642 1503; x_wconf 89' lang='lat' dir='ltr'>ad</span> <span class='ocrx_word' id='word_1_76' title='bbox 657 1443 834 1504; x_wconf 89' lang='lat' dir='ltr'>videndum</span> <span class='ocrx_word' id='word_1_77' title='bbox 850 1444 909 1504; x_wconf 91' lang='lat' dir='ltr'>sed</span> <span class='ocrx_word' id='word_1_78' title='bbox 930 1453 997 1504; x_wconf 89' lang='lat' dir='ltr'>tan-</span> 
     </span>
    </p>
   </div>
   <div class='ocr_carea' id='block_1_9' title="bbox 241 1539 1071 1616">
    <p class='ocr_par' dir='ltr' id='par_1_9' title="bbox 241 1539 1071 1616">
     <span class='ocr_line' id='line_1_12' title="bbox 241 1539 1071 1616; baseline 0.004 -18"><span class='ocrx_word' id='word_1_79' title='bbox 241 1549 309 1599; x_wconf 85' lang='lat' dir='ltr'>tum</span> <span class='ocrx_word' id='word_1_80' title='bbox 339 1539 490 1599; x_wconf 87' lang='lat' dir='ltr'>caelestis</span> <span class='ocrx_word' id='word_1_81' title='bbox 521 1541 675 1601; x_wconf 84' lang='lat' dir='ltr'><strong>habitatio</strong></span> <span class='ocrx_word' id='word_1_82' title='bbox 706 1551 912 1616; x_wconf 87' lang='lat' dir='ltr'>sanctorum,</span> <span class='ocrx_word' id='word_1_83' title='bbox 943 1541 996 1601; x_wconf 88' lang='lat' dir='ltr'>ubi</span> <span class='ocrx_word' id='word_1_84' title='bbox 1070 1559 1071 1574; x_wconf 59' lang='lat'>¹</span> 
     </span>
    </p>
   </div>
   <div class='ocr_carea' id='block_1_10' title="bbox 241 1635 998 1797">
    <p class='ocr_par' dir='ltr' id='par_1_10' title="bbox 241 1635 998 1797">
     <span class='ocr_line' id='line_1_13' title="bbox 241 1635 998 1712; baseline 0 -16"><span class='ocrx_word' id='word_1_85' title='bbox 241 1645 318 1696; x_wconf 86' lang='lat' dir='ltr'>sunt</span> <span class='ocrx_word' id='word_1_86' title='bbox 332 1653 450 1697; x_wconf 88' lang='lat' dir='ltr'>novem</span> <span class='ocrx_word' id='word_1_87' title='bbox 466 1636 598 1696; x_wconf 87' lang='lat' dir='ltr'>ordines</span> <span class='ocrx_word' id='word_1_88' title='bbox 614 1635 813 1712; x_wconf 86' lang='lat' dir='ltr'>angelornm,</span> <span class='ocrx_word' id='word_1_89' title='bbox 829 1635 998 1696; x_wconf 83' lang='lat' dir='ltr'>laudantes</span> 
     </span>
     <span class='ocr_line' id='line_1_14' title="bbox 242 1732 954 1797; baseline -0.006 0"><span class='ocrx_word' id='word_1_90' title='bbox 242 1738 347 1797; x_wconf 87' lang='lat' dir='ltr'>Deum</span> <span class='ocrx_word' id='word_1_91' title='bbox 370 1737 404 1796; x_wconf 91' lang='lat' dir='ltr'>in</span> <span class='ocrx_word' id='word_1_92' title='bbox 427 1737 558 1796; x_wconf 85' lang='lat' dir='ltr'>saecula</span> <span class='ocrx_word' id='word_1_93' title='bbox 578 1735 794 1795; x_wconf 84' lang='lat' dir='ltr'>saeculorum.</span> <span class='ocrx_word' id='word_1_94' title='bbox 836 1732 954 1794; x_wconf 78' lang='lat' dir='ltr'>Amen.</span> 
     </span>
    </p>
   </div>
   <div class='ocr_carea' id='block_1_11' title="bbox 243 2020 1071 2072">
    <p class='ocr_par' dir='ltr' id='par_1_11' title="bbox 243 2020 1071 2072">
     <span class='ocr_line' id='line_1_15' title="bbox 243 2020 1071 2072; baseline -0.013 -1"><span class='ocrx_word' id='word_1_95' title='bbox 243 2020 379 2071; x_wconf 85' lang='lat' dir='ltr'>FINITVS</span> <span class='ocrx_word' id='word_1_96' title='bbox 402 2020 443 2070; x_wconf 86' lang='lat' dir='ltr'>ET</span> <span class='ocrx_word' id='word_1_97' title='bbox 466 2020 678 2072; x_wconf 84' lang='lat' dir='ltr'>COMPLETVS</span> <span class='ocrx_word' id='word_1_98' title='bbox 699 2020 800 2071; x_wconf 88' lang='grc' dir='ltr'>ΑΝΝΟ</span> <span class='ocrx_word' id='word_1_99' title='bbox 818 2039 825 2056; x_wconf 86' lang='grc'><em>·</em></span> <span class='ocrx_word' id='word_1_100' title='bbox 844 2020 998 2071; x_wconf 84' lang='lat' dir='ltr'><strong>DOMINI·</strong></span> <span class='ocrx_word' id='word_1_101' title='bbox 1070 2023 1071 2060; x_wconf 68' lang='lat'>1</span> 
     </span>
    </p>
   </div>
   <div class='ocr_carea' id='block_1_12' title="bbox 208 2085 997 2336">
    <p class='ocr_par' dir='ltr' id='par_1_12' title="bbox 208 2085 997 2336">
     <span class='ocr_line' id='line_1_16' title="bbox 208 2085 997 2162; baseline -0.006 -1"><span class='ocrx_word' id='word_1_102' title='bbox 208 2085 668 2162; x_wconf 63' lang='lat' dir='ltr'>15131.ccc8.XL?PERMAst</span> <span class='ocrx_word' id='word_1_103' title='bbox 687 2108 829 2158; x_wconf 73' lang='lat' dir='ltr'>ananan</span> <span class='ocrx_word' id='word_1_104' title='bbox 847 2108 997 2159; x_wconf 65' lang='lat' dir='ltr'>anonae</span> 
     </span>
     <span class='ocr_line' id='line_1_17' title="bbox 285 2196 957 2248; baseline -0.004 0"><span class='ocrx_word' id='word_1_105' title='bbox 285 2197 415 2248; x_wconf 76' lang='lat' dir='ltr'>nanns</span> <span class='ocrx_word' id='word_1_106' title='bbox 433 2199 469 2247; x_wconf 67' lang='lat' dir='ltr'>ns</span> <span class='ocrx_word' id='word_1_107' title='bbox 487 2197 612 2248; x_wconf 77' lang='lat' dir='ltr'>nonna</span> <span class='ocrx_word' id='word_1_108' title='bbox 629 2197 788 2248; x_wconf 69' lang='lat' dir='ltr'>sancnna</span> <span class='ocrx_word' id='word_1_109' title='bbox 806 2196 957 2247; x_wconf 70' lang='lat' dir='ltr'>nonnus</span> 
     </span>
     <span class='ocr_line' id='line_1_18' title="bbox 476 2283 765 2336; baseline -0.007 -2"><span class='ocrx_word' id='word_1_110' title='bbox 476 2285 589 2336; x_wconf 64' lang='lat' dir='ltr'>paone</span> <span class='ocrx_word' id='word_1_111' title='bbox 607 2283 765 2334; x_wconf 71' lang='lat' dir='ltr'>zwonns</span> 
     </span>
    </p>
   </div>
   <div class='ocr_carea' id='block_1_13' title="bbox 0 0 1102 4186">
    <p class='ocr_par' dir='ltr' id='par_1_13' title="bbox 0 0 1102 4186">
     <span class='ocr_line' id='line_1_19' title="bbox 0 0 1102 4186; baseline 0 0"><span class='ocrx_word' id='word_1_112' title='bbox 0 0 1102 4186; x_wconf 95' lang='lat' dir='ltr'> </span> 
     </span>
    </p>
   </div>
  </div>
 </body>
</html>
