2138 4196
217 415 339 468 &m
410 415 449 458 DE
465 415 644 458 ΙΜΙΤΑΤΙΟΝΕ
659 415 782 458 CHRISTI
854 417 981 470 Q&
1066 449 1067 454 ,

219 549 373 628 insistere
395 560 427 610 et
446 566 504 609 cor
518 565 627 608 meum
643 566 849 626 praeparare:
873 560 909 611 ut
923 551 981 610 vel

219 647 380 707 modicam
418 647 518 708 divini
555 647 697 708 incendii
736 647 898 708 flammam
937 665 981 708 ex
1066 697 1067 700 η

219 745 334 805 humili
350 746 537 821 sumptione
552 745 672 806 vivifici
689 745 883 806 sacramenti
899 763 982 805 con·
1066 795 1067 801 ,

219 842 355 918 quiram.
388 842 555 920 Quidquid
571 854 679 904 autem
694 843 774 903 mibi
791 843 884 903 deest
900 843 981 904 Iesu
1066 927 1067 931 Ἰ

196 941 303 1002 sbone
333 940 480 1002 Salvator
510 941 738 1017 sanctissime3
767 951 801 1002 tu
832 958 890 1017 pro
923 958 981 1001 me
1066 1021 1067 1025 Ἰ

219 1039 335 1115 supple
362 1038 503 1115 benigne
532 1056 569 1099 ac
590 1039 748 1115 gratiose:
777 1039 832 1115 qui
859 1055 981 1098 omnes
1066 1089 1067 1106 ἶ

219 1137 259 1196 ad
280 1147 312 1197 te
334 1137 484 1213 dignatus
506 1154 542 1196 es
563 1155 682 1197 vocare
704 1137 827 1196 dicens.
858 1136 981 1197 Venite
1066 1187 1067 1194 ,

219 1235 258 1294 ad
288 1252 339 1295 me
371 1251 487 1294 omnes
517 1235 572 1310 qui
604 1235 757 1295 laboratis
788 1244 819 1293 et
851 1233 980 1293 onerati
1066 1215 1067 1296 J

220 1332 316 1393 estis:
339 1343 371 1393 et
393 1349 452 1409 ego
476 1331 619 1392 reficiam
641 1349 711 1392 vos.
755 1331 821 1407 Ego
843 1331 980 1407 quidem

186 1443 210 1484 10
220 1430 330 1490 laboro
345 1430 378 1489 in
394 1431 514 1491 sudore
525 1433 635 1493 vultus
650 1431 726 1506 mei,
741 1431 853 1490 dolore
868 1429 981 1490 cordis

220 1537 389 1603 torqueor:
410 1529 551 1604 peccatis
567 1546 696 1604 oneror,
710 1529 981 1605 temptationibus

221 1625 401 1702 inquietor;
430 1627 541 1687 multis
567 1626 661 1686 malis
683 1626 892 1702 passionibus
918 1627 982 1686 im-

221 1721 324 1798 plicor
346 1733 377 1783 et
400 1740 545 1798 premor:
568 1733 601 1784 et
619 1740 685 1783 non
700 1733 750 1784 est
765 1724 820 1801 qui
836 1724 981 1798 adiuvet,

221 1835 286 1879 non
309 1821 428 1896 estqui
452 1821 568 1881 liberet
588 1831 621 1881 et
636 1821 762 1880 salvum
786 1820 901 1895 laciat‚‘
913 1821 980 1880 nisi

187 1932 211 1973 rs
221 1925 254 1976 tu
271 1917 411 1977 Domine
428 1918 518 1977 Deus
534 1918 682 1979 Salvator
697 1935 807 1994 meus;
822 1918 875 1978 cui
890 1935 981 1978 com·

222 2014 312 2074 mitto
335 2031 388 2074 me
410 2025 442 2076 et
457 2017 566 2076 omnia
581 2033 669 2076 mea:
692 2025 726 2076 ut
742 2033 794 2076 me
812 2016 981 2076 custodias

221 2121 254 2172 et
275 2113 435 2188 perducas
457 2113 490 2172 in
513 2113 611 2173 vitam
627 2122 802 2173 aeternam.
839 2112 980 2188 Suscipe

221 2225 275 2270 me
290 2209 322 2268 in
339 2210 467 2270 laudern
484 2221 516 2271 et
530 2211 665 2288 gloriam
681 2210 825 2270 nominis
841 2209 906 2270 tui:
921 2210 979 2286 qui

222 2324 340 2383 corpus
351 2318 442 2368 tuum
454 2318 486 2368 et
501 2309 693 2385 sanguinem
707 2309 740 2368 in
756 2308 864 2368 cibum
881 2317 913 2367 et
924 2324 981 2384 po·

184 2415 289 2465 notum
312 2406 391 2466 mihi
414 2407 543 2483 parasti.
574 2407 707 2466 Praesta
729 2405 870 2466 Domine
887 2405 980 2464 Deus

221 2502 372 2564 salutaris
383 2521 491 2563 meus:
505 2515 539 2564 ut
550 2520 623 2563 cum
636 2502 898 2580 frequentatione
909 2519 980 2579 my·
1066 2497 1067 2538 ³

221 2599 311 2660 sterii
327 2599 373 2660 tui
389 2612 515 2661 crescat
527 2618 619 2660 meae
630 2600 814 2661 devotionis
829 2598 979 2660 affectus

247 2761 304 2820 DE
326 2759 568 2823 DIGNITATE
591 2759 878 2822 SACRAMENTI
903 2759 955 2820 ET

361 2857 497 2920 sTnTv
521 2856 839 2919 SACERDOTALI.

185 2985 212 3025 25
457 2989 534 3034 VOX
564 2988 740 3034 DILECTi.

470 3085 676 3135 CAPITVLVM
695 3087 727 3136 V.

221 3127 340 3348 &1
368 3186 507 3246 haberes
536 3187 714 3263 angelicam
744 3187 917 3264 puritatem
947 3197 980 3247 et

216 3340 218 3346 .
350 3285 453 3344 sancti
486 3284 640 3344 Iohannis
671 3284 829 3361 baptistae
860 3285 979 3346 sancti·

221 3392 336 3443 tatem:
351 3399 416 3442 non
427 3399 521 3442 esses
532 3383 648 3460 dignus
664 3384 726 3443 hoc
737 3391 977 3442 sacramentum

185 3480 370 3556 aoaccipere
401 3497 462 3539 nec
491 3489 637 3540 tractare.
690 3480 764 3540 Non
796 3480 884 3540 enim
917 3481 978 3541 hoc
