2178 4186
219 417 380 472 ww
412 417 451 461 DE
467 417 654 461 ELEVATlONE
668 416 781 461 mentis
813 418 980 472 m

220 559 318 610 tatem
334 550 510 629 deliquisti.
539 551 722 628 Antequam
739 550 810 612 dies
829 561 980 612 extrema

220 658 252 708 et
263 648 377 709 mortis
392 650 472 710 hora
482 649 601 724 veniat,
616 648 759 710 lacrimis
774 659 806 711 et
821 650 979 726 precibus

220 747 352 807 studeas
364 746 480 808 faciem
492 747 536 823 pii
549 745 739 807 Conditoris
750 747 978 822 reconciliare,

220 853 252 904 et
272 853 360 904 tuam
376 844 474 905 vitam
491 844 647 920 deinceps
662 861 702 904 ex
717 852 783 906 toto
806 844 839 904 in
854 844 978 904 melius

196 952 345 1002 emutare
367 958 540 1018 proponas.

266 1162 432 1226 ORATIO
456 1164 513 1224 DE
536 1160 796 1226 anltlntosn
818 1161 929 1224 CON-

228 1508 329 1581 κίκι
359 1537 430 1589 tura
451 1527 578 1587 bonitas
598 1536 629 1588 et
651 1543 734 1603 opus
749 1526 977 1588 misericordia

185 1635 287 1701 roest,
322 1625 362 1685 da
396 1623 476 1686 milri
512 1623 693 1685 secundum
730 1624 973 1685 multitudinem
1076 1691 1079 1702 ἐ

219 1723 464 1784 miserationum
496 1732 623 1783 tuarum
653 1721 830 1799 perlectam
859 1739 975 1799 pecca·
1078 1759 1079 1770 2

218 1832 325 1882 torum
348 1838 496 1882 meorum
519 1821 640 1881 habere
663 1820 909 1895 contritionem,
938 1831 975 1881 ut

219 1919 330 1980 dolore
341 1919 449 1980 cordis
464 1918 641 1979 intrinsece
657 1926 873 1995 compunctus
887 1934 974 1977 arna·

218 2016 349 2076 rissime
365 2016 443 2077 llere
455 2015 590 2090 valeam,
606 2024 637 2076 et
652 2015 778 2076 scelera
788 2031 861 2077 mea
875 2023 974 2091 atque

185 2113 335 2175 rsdelicta
357 2113 526 2189 universa,
555 2113 651 2189 digna
679 2112 889 2189 castigatione
918 2129 974 2172 ex·

217 2223 381 2289 torquere,
396 2228 500 2288 eaque
511 2228 603 2272 sacro
615 2210 831 2288 paenitentiae
842 2209 974 2270 lavacro

217 2310 350 2370 abluere
371 2309 495 2386 possim
518 2319 550 2369 et
571 2325 725 2386 purgare,
747 2308 900 2386 quatinus
922 2325 973 2368 re·

218 2408 408 2470 missionem
432 2407 577 2468 omnium
600 2417 805 2485 peccatorum
822 2423 972 2466 meorum

216 2515 249 2566 te
265 2505 459 2583 propitiante
474 2522 602 2565 merear
616 2504 796 2581 percipere,
818 2513 915 2581 atque
938 2504 973 2564 in

181 2613 271 2664 notua
293 2602 502 2664 miseratione
525 2602 695 2680 respirare.
726 2603 775 2662 Da
796 2601 876 2661 mihi
899 2602 973 2662 zelo

217 2700 359 2760 iustitiae
374 2700 548 2760 adversum
560 2716 612 2759 me
626 2698 743 2758 armari
759 2709 791 2758 et
806 2709 972 2774 tamquam

217 2806 329 2858 contra
344 2797 524 2875 pessimum
540 2806 754 2872 peccatorem,
774 2806 806 2856 et
820 2796 972 2873 iniquum

216 2896 374 2976 latronem
391 2894 589 2955 commoveri
611 2903 645 2954 et
665 2892 847 2970 insurgere,
869 2910 974 2971 quon-

217 2993 280 3052 iam
302 3001 334 3053 te
358 2993 464 3052 Deum
487 3009 596 3052 meum
620 2991 812 3053 Creatorem
835 2991 917 3052 caeli
940 3003 974 3054 et

180 3100 323 3152 2⁵terrae
337 3088 530 3166 gravissime
545 3086 667 3148 offendi
677 3087 813 3164 gloriam
827 3097 859 3147 et
869 3090 973 3149 hono·

214 3204 286 3260 pern
308 3187 365 3248 tibi
388 3186 531 3248 debitum
554 3202 619 3246 non
642 3186 766 3246 reddidi
791 3186 850 3246 sed
872 3204 973 3265 saepe

213 3269 342 3344 'iuratus
358 3301 430 3344 sum
443 3283 521 3344 mihi
537 3283 658 3360 aliquid
674 3284 749 3344 boni
765 3284 972 3346 attribuendo

216 3382 356 3442 animam
386 3399 491 3442 meam
523 3381 638 3441 iaculis
668 3391 876 3458 peccatorum
909 3383 972 3444 ire-

216 3489 356 3556 quenter
383 3479 531 3552 confodi,
558 3479 700 3555 graviter
723 3480 911 3556 vulneravi,
939 3491 973 3542 et

572 3583 612 3626 ur

1066 389 1077 512 r
