2138 4196
241 475 362 529 ostem
433 474 805 518 bernrmrronecumsm
876 476 999 529 affl
1056 466 1057 494 2

191 600 194 609 '
243 610 396 670 fortitudo
418 609 458 670 de
480 609 586 669 caelo:
608 619 640 670 et
654 609 858 671 subicientur
876 609 997 671 dicioni

241 717 316 768 tuae
338 707 479 768 mundus
501 715 533 766 et
550 723 635 767 earo.
664 705 728 767 Sed
751 723 812 766 nee
827 706 997 768 inimicum

242 805 405 865 diabolum
427 803 574 864 timebis:
595 804 623 864 si
647 803 749 864 fueris
772 803 834 864 lide
854 815 999 866 armatus

243 913 275 963 et
297 919 394 962 cruce
417 901 543 963 Christi
565 901 722 978 signatus.
759 901 848 962 Pone
870 911 903 962 te
921 919 999 980 ergo

219 999 328 1060 ssicut
348 1000 455 1060 bonus
477 1008 509 1060 et
535 999 641 1060 fidelis
669 1016 787 1060 servus
809 998 937 1060 Christi
961 1000 999 1060 ad

242 1097 431 1175 portandam
460 1096 598 1157 viriliter
625 1113 756 1169 crucem
779 1097 912 1157 Domini
935 1097 999 1157 tui:

243 1188 305 1271 pro'
323 1204 355 1255 te
377 1212 417 1254 ex
445 1211 555 1255 amore
584 1193 740 1255 crucilixi.
784 1194 948 1272 Praepara
968 1203 999 1256 te

243 1293 282 1353 ad
304 1293 471 1353 toleranda
499 1293 600 1353 multa
622 1293 760 1353 adversa
787 1301 820 1353 et
840 1291 931 1352 varia
952 1291 1000 1352 in-

243 1390 414 1452 commoda
441 1390 475 1450 in
503 1392 564 1450 bac
593 1390 713 1450 misera
740 1389 822 1465 vita3
850 1389 927 1466 quia
951 1389 1000 1449 sic

209 1498 351 1550 rotecum
374 1486 435 1548 erit
457 1487 655 1564 ubicumque
677 1486 796 1548 fueris:
824 1487 927 1547 etsie
950 1503 1001 1546 re·

244 1584 482 1645 verainvenies
491 1585 688 1662 ubicumque
698 1585 842 1646 latueris.
860 1584 1001 1661 Oportet

244 1685 288 1745 ita
309 1701 401 1760 esse3
423 1694 455 1745 et
476 1701 541 1744 non
564 1693 615 1744 est
636 1683 817 1744 remedium
839 1682 1001 1743 evadendi

245 1801 263 1842 a
283 1781 491 1842 tribulatione
513 1782 672 1841 malorum
694 1790 726 1841 et
747 1781 875 1841 dolore:
902 1797 1001 1858 quam

245 1889 281 1939 ut
295 1889 326 1939 te
337 1878 478 1956 patiaris.
508 1878 655 1940 Calicem
666 1877 798 1938 Domini
809 1876 1003 1938 affectanter

212 1999 236 2039 ιε
245 1977 336 2037 bibe:
357 1976 385 2036 si
407 1976 532 2036 amicus
554 1976 626 2036 eius
649 1992 723 2036 esse
738 1983 770 2034 et
785 1983 908 2052 partem
925 1991 1002 2034 curn

246 2093 285 2135 eo
307 2076 427 2135 habere
447 2073 623 2134 desideras.
653 2071 907 2135 Consolationes
930 2072 1002 2131 Deo
1060 2097 1061 2104 ¹

246 2172 428 2232 committe:
457 2171 553 2231 faciat
580 2171 651 2246 ipse
673 2188 746 2231 cum
776 2170 894 2231 talibus
916 2169 1004 2230 sieut

247 2269 308 2328 sibi
338 2268 441 2345 magis
470 2268 636 2344 placuerit.
678 2266 726 2328 Tu
755 2285 833 2328 vero
854 2284 941 2344 pone
969 2275 1003 2326 te

247 2367 286 2427 ad
312 2366 541 2427 sustinendum
571 2365 797 2426 tribulationes
828 2374 860 2425 et
887 2374 1004 2441 reputa

210 2483 238 2526 eo
248 2481 303 2524 eas
318 2464 475 2525 maximas
490 2464 748 2539 consolationes3
763 2463 914 2541 quianon
925 2472 1004 2523 sunt

248 2562 427 2639 condignae
455 2561 626 2637 passiones
655 2561 754 2622 huius
780 2560 939 2637 temporis
963 2561 1004 2620 ad

249 2660 389 2721 futuram
410 2658 545 2736 gloriam
567 2658 831 2736 promerendam:
853 2658 952 2718 etiam
974 2658 1003 2717 si

248 2758 339 2818 solus
361 2773 476 2817 omnes
497 2773 614 2833 posses
635 2757 809 2818 sustinere.

289 2855 428 2932 Quando
450 2854 490 2914 ad
511 2855 573 2914 boc
588 2853 720 2915 veneris
737 2856 823 2931 quod
838 2854 1004 2916 tribulatio

212 2953 306 3015 estibi
328 2952 433 3013 dulcis
455 2960 506 3012 est
527 2961 559 3012 et
579 2952 663 3028 sapit
677 2968 735 3028 pro
752 2951 903 3027 Christ03
924 2961 1004 3011 tunc

249 3053 333 3112 bene
355 3061 462 3111 tecum
485 3067 560 3110 esse
582 3050 733 3112 aestima:
755 3049 831 3127 quia
847 3049 1003 3110 invenisti

250 3150 435 3227 paradisum
457 3148 490 3208 in
512 3157 607 3209 terra.
636 3147 801 3225 Quamdiu
818 3146 882 3223 pati
904 3163 1005 3223 grave

250 3247 307 3308 tibi
330 3256 380 3307 est
401 3255 433 3306 et
454 3246 567 3323 lugere
593 3245 740 3323 quaeris3
768 3244 890 3305 tamdiu
919 3245 1005 3304 male

251 3344 402 3405 habebis:
418 3353 449 3404 et
464 3354 620 3421 sequetur
633 3353 665 3404 te
681 3343 802 3420 ubique
815 3343 891 3419 luga
904 3343 1005 3404 tribu-

214 3442 390 3506 mlationis.
419 3441 453 3502 Si
475 3443 570 3520 ponis
592 3453 624 3503 te
640 3443 679 3502 ad
695 3442 780 3520 quod
796 3457 871 3502 esse
886 3441 1005 3516 debes3

251 3541 403 3602 videlicet
432 3540 471 3599 ad
502 3539 689 3618 patiendum
720 3548 752 3600 et
782 3536 1005 3599 moriendum:

615 3644 642 3687 aa
