2160 4194
113 465 873 523 mffi2fflwffiffi

116 601 264 679 quirere:
280 601 399 678 quibus
414 601 453 660 ad
468 599 647 676 principale
665 599 874 676 perveniatur

116 699 288 760 intentum.
326 698 404 758 Plus
426 696 554 774 proiicit
575 713 640 757 una
660 695 874 758 determinata

117 796 202 857 actio
230 796 405 872 sapientis:
433 812 530 872 quam
560 812 676 872 magna
704 793 873 871 occupatio

117 894 218 956 stulti.
262 894 327 972 Qui
357 895 542 970 importune
573 902 606 954 et
633 893 874 953 inconsiderate

116 992 183 1069 agit
211 991 306 1053 facile
334 991 487 1053 offendit:
518 1001 550 1052 et
579 990 700 1051 dolebit
728 989 799 1066 ipse
828 988 911 1049 of·⁵

117 1089 244 1150 fensus.
289 1089 354 1167 Qui
384 1100 492 1151 autem
521 1099 647 1150 matura
675 1088 776 1150 utitur
803 1106 876 1165 pro-

116 1187 278 1249 videntia:
296 1187 336 1247 de
351 1187 472 1247 salubri
489 1204 621 1264 semper
636 1185 700 1246 iine
714 1187 876 1264 gaudebit.

118 1285 198 1345 Esto
220 1301 347 1344 mernor
375 1284 525 1360 propriae
552 1283 750 1361 fragilitatis,
779 1285 875 1346 etiam

116 1383 197 1443 durn
219 1383 304 1442 bene
331 1381 389 1442 tibi
413 1381 628 1443 successerit:
657 1393 689 1443 et
712 1384 811 1444 altum
836 1384 876 1443 de

115 1492 151 1542 te
174 1497 289 1556 sapere
311 1480 388 1541 noli.
432 1480 489 1541 Est
511 1479 566 1557 qui
589 1480 691 1541 elatos
718 1481 877 1555 humiliat,
889 1496 913 1538 ro

117 1580 213 1639 Deus
234 1578 372 1638 malleus
395 1578 622 1654 superborum.

116 1747 179 1809 DE
202 1746 339 1808 FIRMO
365 1745 613 1810 PROPOSITO
637 1746 876 1809 SERVANDO

386 1845 467 1905 PER
491 1845 613 1906 DIEM.

175 2034 176 2039 Ἰ
371 1966 577 2017 cnrrrvuvn
595 1967 627 2015 11.

178 2108 206 2147 ,
244 2065 315 2126 Nini
338 2083 434 2127 mane
449 2067 696 2144 proponendum
713 2076 778 2127 est:
801 2082 877 2142 qua·
890 2085 914 2127 rs

128 2202 142 2219 t
224 2184 233 2201 ι
265 2164 339 2225 liter
359 2182 517 2241 praesens
538 2164 609 2225 dies
624 2165 736 2225 utilius
759 2180 878 2240 expen-

117 2264 227 2323 datur.
259 2262 384 2324 Contra
398 2263 477 2324 vitia
491 2280 574 2340 quae
590 2263 692 2339 magis
707 2261 878 2321 infestant:

116 2359 361 2436 diligentiorem
370 2360 487 2421 adhibe
499 2377 619 2421 curam.
642 2358 814 2422 Cotidiana
826 2374 878 2417 ex·

118 2456 281 2533 ercitatio,
302 2458 423 2534 gratiae
438 2468 583 2519 meretur
599 2467 826 2535 augmentum:
848 2464 880 2516 et

119 2555 369 2632 perseverantia
398 2556 492 2632 boni,
523 2556 560 2616 ad
593 2555 721 2617 virtutis
750 2555 917 2616 culmenro

120 2652 214 2714 ducit
241 2663 401 2729 agentem.
444 2654 538 2714 Forte
567 2653 680 2715 ultima
707 2653 779 2714 dies
802 2652 880 2727 ista3

122 2751 209 2811 forte
231 2750 411 2811 novissima
432 2752 527 2811 hora:
557 2751 639 2811 forte
662 2768 734 2811 cras
761 2761 793 2811 te
815 2767 881 2811 non

122 2849 280 2910 inveniet.
330 2847 469 2909 Custodi
501 2849 720 2926 propositum,
750 2860 879 2925 tempus

123 2948 300 3024 neglegere
321 2946 405 3006 noli:
427 2962 493 3006 non
511 2946 594 3007 redit
609 2948 689 3006 hora
710 2954 880 3007 transacta.

124 3043 227 3105 Certa
248 3044 369 3104 bonurn
395 3054 577 3120 certamen3
606 3060 662 3103 ora
683 3060 741 3120 pro
765 3044 918 3120 gratiatrs

124 3151 158 3202 et
186 3142 314 3203 dabitur
342 3141 400 3203 tibi
422 3142 463 3202 de
485 3144 575 3202 caelo
597 3141 733 3202 victoria
762 3151 882 3202 sancta.

125 3238 228 3300 Stude
257 3238 384 3299 minora
413 3239 561 3299 vincere:
590 3256 632 3300 ne
660 3239 698 3299 ad
721 3238 883 3299 deteriora

126 3336 246 3397 labaris
268 3336 396 3413 ignavia
417 3337 635 3413 praevalente.

168 3433 306 3510 Semper
328 3433 379 3494 lex
397 3433 457 3494 Dei
480 3433 513 3493 in
529 3434 628 3494 corde
646 3444 702 3494 tuo
717 3443 883 3495 versetur:

127 3531 301 3606 gratiarum
324 3531 408 3592 actio
429 3541 462 3592 et
483 3549 546 3592 vox
569 3525 733 3592 laudis'ab
750 3549 806 3592 ore
827 3540 920 3595 tuoso

488 3635 528 3678 sas
