2146 4194
240 459 360 523 adm
432 469 806 514 os1u1mnouecumstt
875 473 988 525 {gamm

241 603 306 664 stiti
317 603 462 680 gloriam.
483 604 549 681 Ego
560 604 635 664 novi
647 603 850 681 singulorum
867 605 988 681 merita3

241 718 300 778 ego
323 703 476 779 praeveni
499 719 557 762 eos
578 703 612 763 in
627 702 910 764 benedictionibus
925 704 989 764 dul·

241 797 366 858 cedinis
387 816 495 860 meae:
517 817 577 877 ego
592 799 752 877 praescivi
768 800 905 861 dilectos
920 811 988 862 ante

240 897 380 956 saecula.
423 897 489 973 Ego
518 915 575 958 eos
603 897 686 974 elegi
715 897 755 957 de
777 899 899 958 mundo
928 916 989 959 non

217 993 302 1069 sipsi
331 1011 384 1053 me
412 996 676 1071 praeelegerunt:
705 1009 765 1070 ego
794 997 907 1056 vocavi
936 1014 991 1073 per

239 1092 384 1168 gratiam,
405 1093 518 1154 attraxi
541 1110 600 1169 per
621 1091 889 1153 misericordiam.
929 1093 990 1169 Ego

239 1190 374 1265 perduxi
397 1206 455 1250 eos
474 1208 533 1266 per
547 1190 776 1267 temptationes
790 1190 913 1266 varias3
934 1207 989 1266 ego

239 1286 343 1346 infudi
359 1286 600 1347 consolationes
618 1287 822 1364 magnificas3
845 1303 905 1363 ego
920 1285 989 1346 dedi

239 1384 531 1460 perseverantiam:
554 1402 613 1461 ego
629 1385 782 1445 coronavi
805 1401 919 1444 eorum
941 1402 990 1460 pa·

206 1481 395 1543 totientiam.
445 1483 510 1560 Ego
542 1482 682 1558 primum
713 1492 745 1542 et
776 1480 989 1541 novissimum

239 1596 399 1656 agnosco:
437 1597 497 1656 ego
533 1597 648 1640 omnes
683 1578 913 1641 inaestimabili
948 1578 990 1638 di-

238 1677 379 1737 lectione
400 1677 588 1752 amplcctor.
630 1677 696 1753 Ego
719 1677 899 1737 laudandus
921 1692 989 1736 sum

239 1773 272 1832 in
283 1774 435 1833 omnibus
450 1775 572 1835 sanctis
587 1774 687 1850 meis3
702 1792 762 1851 ego
773 1791 873 1850 super
886 1772 990 1833 omnia

238 1871 482 1932 benedicendus
505 1889 577 1931 sum
600 1881 632 1931 et
654 1873 864 1932 honorandus
879 1872 913 1932 in
929 1872 990 1931 sin-

133 1983 135 1987 ·
205 1969 339 2044 tegulis:
370 1987 453 2046 quos
481 1970 529 2029 sic
557 1969 698 2046 gloriose
729 1969 933 2046 magnificavi
961 1977 990 2027 et

238 2067 477 2142 praedestinavi
509 2067 581 2127 sine
611 2066 688 2126 ullis
723 2066 990 2143 praecedentibus

238 2163 377 2240 propriis
413 2163 548 2225 meritis.
600 2163 666 2240 Qui
703 2180 779 2240 ergo
815 2180 917 2223 unum
952 2164 989 2223 de

238 2260 383 2321 minimis
399 2261 481 2322 meis
498 2261 730 2337 contempserit
737 2278 746 2336 ;
763 2276 824 2319 nec
839 2277 989 2336 magnum

237 2359 391 2419 honorat:
421 2359 496 2435 quia
518 2358 679 2435 pusillum
702 2369 734 2418 et
758 2374 911 2434 magnum
934 2376 990 2435 ego

202 2456 312 2516 eofeci.
355 2458 393 2518 Et
417 2458 472 2534 qui
503 2457 635 2534 derogat
663 2456 759 2516 alicui
788 2465 990 2516 sanctorum:

239 2554 371 2631 derogat
399 2564 431 2615 et
459 2555 539 2614 mihi
571 2565 603 2614 et
631 2553 750 2614 ceteris
778 2553 932 2613 omnibus
960 2554 991 2613 in

239 2669 339 2728 regno
361 2652 536 2712 caelorum.
572 2651 699 2713 Omnes
721 2669 821 2711 unum
844 2663 923 2714 sunt
937 2671 993 2729 per

238 2748 379 2809 caritatis
411 2749 595 2824 vinculum3
624 2750 710 2809 idem
739 2749 885 2810 sentiunt
907 2750 992 2810 idem

238 2846 367 2906 volunt:
398 2857 429 2907 et
457 2863 573 2906 omnes
601 2846 634 2907 in
663 2864 765 2906 unum
787 2862 824 2906 se
846 2847 993 2925 diligunt.

202 2941 354 3003 25Adhuc
376 2953 483 3004 autem
500 2945 586 3021 quod
601 2944 703 3004 multo
719 2943 815 3004 altius
831 2953 898 3004 est:
920 2945 993 3022 plus

238 3058 290 3100 me
312 3058 408 3117 quam
424 3059 461 3102 se
477 3051 509 3102 et
523 3059 583 3101 sua
597 3041 713 3102 merita
727 3041 874 3118 diligunt.
911 3043 993 3102 Nam
1056 3043 1057 3088 Ὗ

238 3155 336 3213 supra
358 3156 394 3198 se
417 3141 497 3216 rapti
518 3149 550 3200 et
565 3150 655 3200 extra
670 3138 831 3216 propriam
848 3139 994 3200 dilectio-

238 3252 313 3295 nem
336 3236 439 3311 tracti,
461 3237 518 3297 toti
542 3237 575 3297 in
590 3252 734 3296 amorem
758 3235 821 3295 mei
838 3248 993 3314 pergunt:

238 3332 271 3391 in
294 3349 358 3408 quo
381 3343 412 3393 et
437 3333 568 3394 fruitive
597 3334 780 3411 quiescunt.
823 3334 916 3395 Nihil
946 3346 996 3396 est
1056 3389 1057 3424 ᾗ

203 3430 325 3505 soquod
347 3447 404 3490 eos
427 3441 574 3491 avertere
596 3430 700 3507 possit
716 3440 770 3491 aut
792 3432 995 3510 deprimere3

239 3527 358 3602 quippe
380 3527 434 3604 qui
460 3536 591 3587 aeterna
619 3528 755 3587 veritate
784 3529 890 3605 pleni,
920 3531 995 3607 igne
1056 3509 1057 3536 ¹

596 3632 636 3672 258
