2178 4186
109 413 275 469 mam
323 411 362 454 ne
376 410 582 455 nonnncara
596 412 663 454 vna
709 413 870 466 mem

113 565 232 609 omnes
260 545 382 607 inimici
413 545 487 607 mei.
522 545 627 606 Vnico
656 547 743 607 enim
767 548 868 606 verbo

114 657 148 707 et
179 646 212 705 in
243 645 309 705 ictu
341 643 446 704 oculi:
477 660 594 704 omnes
625 654 698 705 ante
730 654 761 705 te
791 655 868 705 sunt

113 741 258 819 effugati.
286 742 410 801 Verum
425 757 478 800 me
493 749 620 816 oportet
636 759 767 818 semper
782 751 867 802 stare

113 841 149 900 in
178 839 295 900 timore
324 849 356 899 et
383 855 560 914 numquam
589 838 669 899 mihi
701 839 762 916 ipsi
792 857 867 900 con-

115 939 234 1014 fidere3
262 936 337 1014 quia
365 934 441 995 licet
470 935 659 1012 frequenter
687 937 808 1013 eripior
836 945 890 1000 ets

114 1036 249 1097 liberor:
273 1044 381 1095 tamen
403 1049 469 1092 non
491 1049 563 1093 sum
586 1051 733 1095 securus.
763 1034 869 1110 Super

114 1134 206 1195 nullo
235 1147 351 1209 sapore
379 1146 440 1189 nec
463 1132 634 1191 commodo
656 1149 717 1191 nec
746 1131 867 1192 solacio

114 1229 280 1290 confidere
290 1245 442 1305 possum:
458 1228 515 1288 sed
531 1229 754 1289 tantummodo
769 1246 869 1304 super

112 1327 216 1405 gratia
243 1335 298 1386 tua
324 1343 344 1386 o
373 1325 478 1386 dulcis
505 1325 694 1386 misericors
717 1327 867 1387 Domine.

114 1424 194 1485 Sine
222 1432 254 1484 te
283 1441 355 1484 sum
378 1423 458 1482 mihi
488 1422 549 1499 ipsi
572 1440 656 1482 onus
678 1431 710 1483 et
734 1423 904 1500 impedi-ro

114 1531 278 1583 mentum:
294 1521 351 1582 sed
367 1530 475 1581 tecum
486 1530 519 1580 et
530 1520 564 1580 in
574 1529 606 1580 te
617 1520 744 1581 efficior
754 1520 868 1581 firmus

113 1631 147 1681 et
163 1620 245 1680 liber
259 1628 291 1679 et
301 1628 418 1696 potens
429 1618 493 1678 mei
509 1618 623 1694 ipsius.
647 1618 721 1678 Non
732 1635 866 1695 possum

113 1733 237 1794 ponere
260 1733 447 1776 cormeum
471 1732 571 1792 super
592 1715 734 1792 aliquem
759 1716 866 1775 locum

14 1825 15 1832 ’
112 1824 414 1893 quantumcumque
429 1813 566 1890 pulcher
585 1812 640 1874 ille
656 1813 770 1889 fuerit;
792 1813 868 1889 quia

112 1922 216 1974 totum
232 1911 455 1972 transitorium
470 1921 522 1971 est
536 1909 690 1987 quicquid
706 1910 759 1970 hic
770 1928 867 1987 quae·
879 1929 903 1971 rs

112 2011 197 2073 ritur
217 2009 438 2070 extrinsecus:
466 2018 568 2069 totum
592 2016 642 2068 est
663 2007 813 2068 instabile
836 2017 868 2067 et

112 2109 320 2185 insecurum‚
348 2106 382 2166 in
404 2106 610 2181 hominibus,
634 2105 667 2164 in
690 2106 805 2179 rebus,
833 2104 866 2165 in

111 2205 275 2281 domibus,
291 2205 323 2264 in
335 2205 513 2280 clausuris3
528 2215 560 2265 et
570 2205 691 2281 ubique
702 2203 867 2264 invenitur

109 2303 263 2364 deiectus
278 2302 491 2363 contrarietas
506 2310 538 2362 et
553 2302 740 2363 resistentia
753 2302 787 2362 in
801 2319 865 2362 uno

108 2399 166 2459 vel
195 2399 228 2459 in
258 2399 376 2460 altero:
406 2408 439 2461 et
465 2400 598 2460 omnino
627 2417 727 2476 super
748 2399 811 2476 pati
834 2408 902 2460 etzo

108 2497 217 2575 premi
240 2498 279 2557 ab
301 2498 385 2558 intra
406 2499 458 2559 vel
481 2508 571 2559 extra
592 2497 706 2558 venire
721 2497 790 2557 vult
812 2514 865 2556 res

108 2595 276 2673 quaelibet
316 2595 350 2655 in
389 2594 564 2673 praesenti.
620 2595 709 2656 Nihil
745 2594 865 2671 quippe

108 2693 202 2754 iuvat
221 2693 350 2770 quando
372 2694 481 2771 passio
496 2694 586 2754 venit
608 2711 704 2770 quam
726 2693 865 2753 decorus

108 2791 155 2852 sit
185 2791 293 2851 locus:
328 2793 380 2852 vel
412 2802 531 2869 quanta
561 2792 646 2851 bona
676 2791 865 2850 habeantur.

109 2887 179 2966 Qui
195 2889 279 2948 bene
301 2905 374 2948 cum
395 2898 582 2965 paupertate
602 2906 639 2949 se
657 2905 772 2965 gerere
794 2887 902 2962 scit‚2s

108 2997 143 3047 et
165 2985 284 3046 melius
306 2987 369 3062 pati
385 3005 444 3064 pro
460 2988 530 3047 Deo
553 3004 589 3046 ac
605 2986 712 3062 potius
735 3002 866 3061 semper

109 3083 221 3144 minus
244 3083 406 3145 desiderat
427 3102 523 3161 quarn
546 3084 701 3161 amplius:
723 3083 778 3143 ille
799 3100 865 3142 ma-

14 3199 15 3208 *
108 3181 214 3242 iorem
230 3197 342 3257 pacem
366 3181 532 3257 obtinebit,
554 3190 586 3241 et
607 3181 753 3241 altiorem
776 3181 865 3241 laeti·

109 3279 187 3339 tiam
210 3279 294 3354 apud
311 3280 427 3339 Deum.
459 3279 624 3356 Quamdiu
642 3277 763 3354 aliquid
785 3287 865 3338 tem-

109 3376 222 3453 porale
244 3375 380 3437 nimium
404 3377 563 3454 diligitur:
585 3394 650 3436 non
670 3376 787 3452 poterit
809 3376 901 3440 diuso

109 3474 238 3534 interna
248 3491 310 3550 pax
320 3475 492 3551 possideri.
515 3474 601 3536 Cum
618 3473 757 3550 simplici
769 3473 863 3533 oculo

466 3579 504 3621 aar
