2146 4194
1059 273 1062 360 l

225 440 346 494 mm
417 437 790 482 oerurrmrouecumsrr
861 439 984 492 {pamm

224 573 285 632 bus
305 583 422 633 teneor
441 572 499 633 tibi
521 573 663 633 servire:
686 591 748 633 nec
770 589 926 649 umquam
948 572 984 632 in

224 669 373 730 laudibus
403 669 469 730 tuis
498 670 601 731 debeo
631 669 786 731 fastidire.
826 669 880 731 Sic
907 671 983 731 volo
1058 617 1063 772 i

224 766 272 826 sic
294 767 462 828 desidero:
486 777 518 828 et
540 767 697 844 quidquid
719 768 798 829 mihi
822 769 926 843 deest,
947 778 984 828 tu

225 865 368 943 digneris
390 865 553 941 supplere.

148 987 216 1021 aori
266 962 406 1039 Magnus
428 963 534 1022 honor
560 978 677 1039 magna
704 963 806 1039 gloria
834 963 892 1023 tibi
915 979 986 1022 ser·
1053 996 1056 1012 ι

224 1061 312 1121 vire:
343 1072 376 1122 et
403 1060 513 1120 omnia
540 1069 672 1136 propter
700 1069 732 1120 te
761 1070 985 1121 contemnere.

226 1158 402 1218 Habebunt
436 1157 524 1218 enim
559 1156 693 1234 gratiam
725 1174 892 1234 magnam:
929 1157 986 1233 qui

225 1267 341 1333 sponte
364 1271 400 1315 se
424 1255 625 1316 subiecerint
653 1266 727 1316 tuae
755 1255 986 1315 sanctissimae

225 1353 385 1414 servituti.
413 1353 585 1414 Invenient
595 1353 826 1413 suavissimam
842 1352 987 1429 Spiritus

192 1451 329 1512 rosancti
351 1451 625 1511 consolationem:
647 1451 703 1527 qui
725 1467 783 1526 pro
798 1467 912 1511 amore
930 1461 986 1510 tuo

227 1547 986 1610 omnemcarnalemabiecerintdelectationem.
1064 1595 1065 1606 ,

228 1647 484 1724 Consequentur
494 1662 642 1722 magnam
656 1646 775 1707 mentis
786 1646 988 1721 libertatem3
1064 1647 1065 1658 *

227 1745 282 1822 qui
304 1754 405 1805 artam
432 1745 645 1821 pronomine
673 1755 729 1805 tuo
757 1745 989 1822 ingrediuntur

227 1843 329 1903 viam:
354 1853 386 1903 et
407 1859 538 1903 omnem
561 1843 756 1903 mundanam
781 1841 988 1919 neglexerint
1065 1897 1066 1930 ζ

194 1956 349 2001 rscuram.
391 1940 421 2002 Ο
446 1951 536 2017 grata
564 1950 596 2000 et
624 1939 764 2000 iucunda
792 1939 853 1999 Dei
884 1938 989 1999 servi·

228 2049 295 2100 tus:
318 2055 380 2115 qua
402 2040 500 2098 homo
522 2037 683 2098 veraciter
698 2035 840 2097 eflicitur
854 2035 940 2095 liber
958 2044 990 2095 et

229 2147 371 2196 sanctus,
414 2134 443 2196 Ο
467 2151 560 2194 sacer
588 2145 691 2196 status
715 2133 859 2210 religiosi
885 2133 990 2193 lamu-

229 2234 331 2310 latus3
352 2233 407 2310 qui
425 2232 592 2293 bominem
608 2231 733 2308 angelis
748 2229 854 2292 reddit
869 2247 990 2308 aequa·
1066 2203 1067 2278 i

230 2332 305 2406 lem,
328 2331 398 2390 Deo
421 2330 628 2406 placabilem,
657 2329 872 2389 daemonibus
895 2329 991 2390 terri-

193 2425 991 2489 aobilem:etcunctisfidelibuscommendabilem.

230 2526 260 2588 Ο
271 2524 532 2602 amplectendum
548 2534 580 2585 et
590 2539 722 2600 semper
731 2522 908 2600 optandum
921 2540 992 2583 ser-

231 2624 355 2699 vitium,
372 2639 437 2700 quo
448 2639 612 2682 summum
628 2631 833 2697 promeretur
847 2620 993 2680 bonum:

231 2731 263 2782 et
272 2720 425 2798 gaudium
436 2720 615 2797 acquiritur
624 2721 697 2780 sine
708 2719 772 2780 fine
785 2736 993 2779 mansurum.

233 2916 359 2993 QVOD
383 2914 617 2976 DESIDERIA
640 2914 805 2976 CORDIS
831 2913 995 2975 Exnml-

195 3033 222 3074 25
269 3012 425 3075 NANDA
448 3012 562 3074 SVNT
584 3010 636 3073 ET
659 3010 957 3074 MODERANDA.

478 3167 684 3219 CAPITVLVM
702 3168 744 3217 xl.

234 3251 393 3466 ffilli.
442 3305 580 3382 Oportet
610 3314 642 3365 te
671 3305 776 3396 adbuc
807 3304 908 3364 multa
937 3305 998 3364 ad-

365 3403 508 3463 discere:
544 3419 627 3479 quae
658 3402 797 3462 necdum
829 3402 914 3462 bene
945 3402 999 3462 di-

233 3499 350 3560 dicisti.
393 3499 487 3575 Quae
516 3508 593 3559 sunt
621 3500 703 3558 haec
733 3499 901 3559 Domine?
948 3499 999 3562 Vt

594 3603 632 3645 rot
