2142 4194
148 1250 347 1300 INClPlVNT
370 1250 673 1300 ADMONITIONES
695 1249 741 1298 AD

187 1327 422 1377 SPIRITVALEM
439 1327 551 1376 VITAM
569 1327 700 1378 VTILES.

405 1491 482 1498 .....-.

119 1617 174 1678 DE
197 1615 481 1678 ΙΜΙΤΑΤΙΟΝΕ
505 1615 698 1677 CHRISTI
723 1616 774 1677 ET

187 1722 479 1787 CONTEMPTV
502 1722 701 1785 OMNIVM

217 1828 486 1892 VANITATVM
511 1829 668 1890 MVNDI.
828 1847 843 1888 5

321 2011 527 2063 CAPITVLVM
545 2013 565 2064 1.

82 2112 121 2189 ἓν
220 2115 264 2188 Ἓ
279 2151 315 2210 Vi
336 2150 481 2226 sequitur
507 2167 556 2209 me
583 2166 648 2209 non
674 2150 823 2210 ambulat

295 2250 329 2308 in
360 2249 518 2308 tenebris:
547 2249 626 2308 dicit
655 2247 820 2307 Dominus.

296 2347 387 2406 Haec
402 2355 479 2406 sunt
494 2347 594 2406 verba
609 2345 735 2407 Christi
751 2345 821 2421 qui-

294 2444 357 2504 bus
390 2445 623 2519 admonemur,
659 2454 821 2520 quatenus
833 2460 857 2502 ro

79 2539 165 2602 vitam
181 2542 253 2602 eius
269 2551 302 2602 et
316 2559 427 2603 mores
442 2543 621 2603 imitemur:
637 2541 664 2601 si
680 2541 821 2601 velimus

79 2641 225 2700 veraciter
240 2639 428 2716 illuminari,
450 2650 482 2700 et
504 2640 542 2699 ab
562 2639 650 2700 omni
667 2639 821 2699 caecitate

80 2737 175 2797 cordis
195 2737 337 2797 liberari.
374 2737 544 2798 Summum
561 2737 659 2814 igitur
677 2735 819 2796 studium

80 2844 213 2895 nostrum
225 2835 282 2896 sit:
298 2835 332 2894 in
348 2834 413 2895 vita
429 2835 504 2895 lesu
520 2833 645 2896 Christi
661 2833 820 2894 meditari.

82 2928 222 2992 Doctrina
238 2931 365 2994 Christi
382 2948 498 2992 omnes
513 2931 677 2991 doctrinas
694 2942 821 2993 sancto·
832 2951 856 2994 15

82 3043 142 3088 rum
163 3030 346 3106 praecellit;
368 3040 400 3090 et
423 3029 477 3106 qui
500 3029 651 3105 spiritum
669 3030 820 3090 haberet:

82 3124 292 3189 absconditum
322 3128 365 3188 ibi
393 3145 512 3187 manna
538 3126 712 3187 inveniret.
755 3127 820 3187 Sed

82 3223 222 3301 contingit
243 3225 330 3302 quod
352 3225 445 3286 multi
467 3242 507 3285 ex
530 3225 692 3300 frequenti
708 3225 818 3285 auditu

82 3323 225 3398 evangelii
256 3340 393 3398 parvum
426 3321 625 3382 desiderium
658 3322 819 3383 sentiunt:

83 3416 146 3489 quia
164 3420 313 3496 spiritum
337 3420 462 3482 Christi
491 3438 558 3481 non
580 3421 709 3481 habent.
752 3420 855 3497 Quiri

84 3525 175 3578 autem
196 3518 264 3578 vult
284 3517 381 3592 plene
397 3527 429 3578 et
444 3518 556 3594 sapide
573 3517 699 3579 Christi
721 3519 820 3579 verba

436 3625 450 3666 s
