2160 4194
216 422 256 473 ΘΕ
282 421 424 464 LIBELLVS
441 421 479 464 DE
496 421 670 464 DlSClPLlNA
685 421 914 466 clavsrnallvn
935 423 978 474 ζῶ
1070 389 1071 406 ³

218 554 443 631 restrinxeris3
467 555 563 636 *viam
599 554 763 615 devotioni
796 573 907 632 paras:
944 567 977 617 et

217 669 349 728 semper
375 652 409 712 in
433 653 497 713 line
517 651 684 730 gaudebis.
727 652 851 713 Multae
876 671 976 714 curae

217 750 379 810 suffocant
410 750 546 811 verbum
572 749 651 810 Dei:
681 760 713 810 et
741 752 858 828 longae
886 752 976 811 locu-

217 847 324 908 tiones
336 847 458 908 laciunt
472 847 715 909 distractionem
728 847 857 908 mentis.
874 847 976 924 Quic-

194 945 295 1023 squid
319 946 417 1005 homo
446 956 521 1005 ante
549 955 698 1006 exercet:
726 946 789 1005 hoc
818 945 880 1005 sibi
912 946 976 1006 lre·

218 1052 356 1120 quenter
377 1043 584 1119 postmodum
600 1043 633 1102 in
655 1044 802 1104 oratione
822 1043 975 1104 occurrit.

218 1140 375 1200 inimicus
404 1140 447 1201 ibi
477 1156 542 1201 non
564 1140 669 1201 venit:
699 1140 761 1200 nisi
792 1151 827 1201 ut
849 1141 976 1202 zizania
1073 1159 1074 1186 l

218 1239 468 1315 superseminet.
498 1240 645 1299 Devotus
661 1238 802 1299 choralis
824 1239 886 1300 soli
903 1240 975 1301 Deo

218 1347 249 1398 et
265 1337 325 1397 sibi
338 1336 493 1397 intendit:
509 1347 672 1413 tamquam
683 1336 717 1397 in
729 1336 862 1396 caelesti
874 1338 976 1397 choro

183 1436 393 1496 rotranslatus
420 1444 452 1494 et
474 1435 621 1494 elevatus
643 1444 741 1496 esset.
784 1433 901 1494 Finitis
922 1434 976 1495 his

218 1549 301 1608 quae
329 1532 363 1592 in
386 1532 496 1593 divino
519 1531 627 1592 ollicio
657 1531 881 1607 celebrantur,
909 1548 975 1591 non

218 1629 326 1690 statim
348 1641 380 1691 te
402 1630 552 1690 effundas
574 1630 614 1690 ad
636 1630 815 1706 exteriora3
839 1647 882 1690 ne
904 1647 976 1707 per·
1072 1626 1075 1637 '

218 1726 275 1786 das
296 1727 431 1803 gratiam
454 1743 550 1804 quam
572 1737 768 1788 consecutus
786 1743 823 1786 es
838 1728 976 1788 orando:

217 1825 276 1884 sed
298 1825 406 1900 potius
429 1835 502 1901 post
522 1834 598 1885 vota
613 1825 771 1885 labiorum
790 1833 921 1886 tuorum
943 1834 977 1885 te

184 1945 208 1984 15
218 1921 389 1998 recollige3
411 1931 443 1981 et
465 1922 498 1981 in
521 1922 633 1983 maiori
649 1923 824 1999 gratiarum
847 1923 977 1984 actione

217 2019 256 2079 ab
286 2020 373 2079 omni
397 2020 534 2096 strepitu
563 2021 655 2081 solus
678 2037 850 2096 permane,
877 2021 977 2081 rumi-

217 2116 324 2176 nando
340 2134 424 2194 quae
438 2118 555 2179 audisti
573 2130 713 2180 cantare.
738 2117 826 2195 Quid
842 2119 978 2194 prodest

218 2230 282 2273 una
297 2215 377 2274 hora
393 2215 499 2275 Deum
522 2217 671 2292 laudare3
693 2216 841 2278 etaltera
863 2232 978 2276 saecu·

217 2311 297 2370 laria
318 2321 350 2371 et
372 2312 481 2372 inania
503 2313 726 2389 pertractare?
759 2312 834 2373 Noli
857 2312 978 2388 pretio·

181 2425 291 2469 rosum
315 2409 456 2470 fructum
474 2411 657 2471 orationum
673 2421 812 2484 tuarum,
834 2420 867 2470 et
890 2411 977 2471 labo·

218 2523 287 2566 rem
310 2506 411 2567 divini
435 2508 561 2583 operis:
585 2525 643 2584 pro
668 2508 787 2568 vilibus
810 2524 977 2584 exponere

218 2603 299 2664 iocis
321 2613 354 2664 et
376 2604 481 2681 nugis.
524 2605 607 2666 Nam
630 2606 694 2666 cito
722 2605 806 2682 perit
827 2605 977 2666 devotio:

218 2718 302 2777 quae
330 2718 395 2762 non
424 2702 606 2764 custoditur
634 2703 694 2763 sub
723 2702 844 2763 silentii
872 2702 978 2764 freno.
1077 2753 1078 2758 ,

219 2798 359 2875 Quando
381 2809 488 2859 autem
504 2800 646 2860 taedium
663 2800 766 2861 sentis
782 2817 821 2860 ex
836 2799 978 2876 longiori

181 2895 344 2958 zsoflicio:
375 2913 478 2972 pensa
508 2896 584 2973 quia
614 2896 677 2957 isto
707 2896 797 2957 linito
829 2898 978 2959 evolabis

218 2993 257 3052 ad
279 2994 416 3054 caelum,
448 2994 487 3054 Et
508 2993 535 3053 si
559 2995 621 3054 hoc
644 3003 675 3054 te
697 3010 763 3054 non
785 2994 885 3070 iuvat,
909 3013 978 3056 me·

219 3099 328 3150 mento
350 3091 427 3167 quia
448 3091 554 3151 levius
577 3101 627 3152 est
648 3091 752 3152 tribus
767 3093 819 3152 vel
837 3103 979 3169 quatuor

218 3187 308 3248 horis
323 3188 468 3265 vigilare,
488 3199 521 3249 et
535 3200 681 3250 cantare:
703 3205 799 3266 quam
816 3207 881 3250 una
896 3192 979 3251 hora

218 3285 251 3345 in
262 3286 447 3363 purgatorio
458 3286 582 3346 ardere.
604 3285 714 3363 Magni
723 3285 855 3362 quidem
868 3288 976 3348 meriti

181 3394 268 3447 aoest
289 3383 392 3444 sacris
421 3382 588 3444 canonicis
616 3384 707 3444 horis
735 3384 915 3444 interesse:
944 3395 979 3446 et
1077 3393 1078 3426 l

218 3481 331 3541 laudes
348 3481 409 3541 Dei
432 3481 582 3542 alacriter
596 3499 670 3542 cum
693 3482 805 3543 multis
821 3482 979 3545 fratribus
1077 3541 1078 3546 ,
