2178 4186
230 435 391 488 mem
422 432 797 478 osnonnoncrrrcnvrrn
827 434 990 488 raxam

231 585 329 645 supra
349 569 458 630 caelos
480 569 595 630 toliere
610 578 770 628 mentem:
793 578 824 630 et
845 567 988 644 aliquam

231 666 271 727 de
294 665 490 727 caelestibus
512 664 638 742 gaudiis
660 683 777 742 capere
798 675 934 743 partem.

273 762 348 823 Heu
370 762 534 839 quomodo
557 771 664 838 potest
687 763 750 822 hoc
778 780 871 823 esse:
900 762 988 838 quod

232 859 344 936 utique
366 860 519 921 volumus
540 859 662 936 aliquid
684 876 770 920 esse.
801 858 856 918 Nil
878 867 987 918 tamen

209 956 265 1016 sin
287 956 423 1018 veritate
449 973 581 1017 sumus:
610 956 760 1032 quamvis
782 955 877 1042 nobis
906 954 988 1032 ipsis

233 1053 355 1130 aliquid
376 1071 452 1116 esse
474 1053 633 1116 videmur.
666 1053 754 1131 Quid
776 1053 827 1113 vis
849 1053 986 1112 multum

233 1151 409 1227 conqueri,
440 1162 472 1213 et
502 1152 579 1212 hinc
610 1151 753 1228 indeque
783 1151 988 1226 discurrere3

233 1266 440 1326 quocumque
468 1248 560 1309 vadis
589 1260 621 1310 et
647 1248 759 1323 venis,
787 1264 852 1308 non
879 1247 989 1307 omnia

233 1363 389 1424 prospera
410 1347 578 1410 invenies:
607 1347 683 1423 quia
704 1346 825 1423 ubique
847 1345 989 1406 occurrit

200 1445 355 1521 toaliquid
377 1446 416 1505 ad
438 1445 636 1522 patiendum.
669 1445 707 1505 Et
729 1443 756 1504 si
779 1443 856 1504 inde
877 1442 989 1503 nescis

233 1543 392 1619 gaudere3
421 1552 548 1619 oportet
569 1553 601 1604 te
622 1552 731 1603 tamen
753 1541 934 1616 sustinere,
957 1549 990 1600 et

233 1639 364 1700 tandem
386 1640 425 1700 ad
447 1657 560 1718 pacem
587 1649 619 1700 te
641 1655 779 1716 ponere:
811 1637 927 1714 sicque
955 1637 989 1696 in

234 1736 388 1813 patientia
398 1737 509 1798 omnia
518 1754 685 1813 superare.
700 1735 817 1798 Totum
829 1735 911 1795 nihil
922 1743 990 1794 est:

235 1834 297 1894 nisi
314 1833 453 1896 desistas
468 1844 501 1895 te
521 1835 630 1911 ipsum
648 1833 681 1893 in
697 1833 805 1909 aliquo
821 1848 991 1909 quaerere.

202 1931 400 2008 rsQuamdiu
432 1931 485 1992 hic
516 1930 639 1992 vixeris
669 1940 782 1992 contra
816 1939 848 1990 te
881 1929 990 2006 ipsum

235 2039 360 2089 certare
382 2029 499 2090 habes:
522 2039 554 2090 et
568 2027 791 2090 adversarium
814 2026 991 2088 sustinere.

237 2126 272 2186 ln
293 2127 355 2186 hoc
376 2126 495 2187 crescit
509 2126 662 2187 meritum
684 2134 793 2185 tuum:
815 2124 842 2184 si
859 2133 993 2201 propter

236 2225 343 2284 Deum
372 2225 518 2285 sustines
540 2224 626 2300 quod
652 2223 710 2284 tibi
732 2231 783 2283 est
803 2222 992 2281 rnolestum.

236 2321 302 2398 Qui
318 2321 382 2398 pati
399 2321 490 2398 fugit,
511 2320 619 2397 ipsum
638 2330 809 2397 sequetur:
832 2319 908 2396 quia
929 2319 993 2379 ista

198 2418 301 2485 zovita
331 2419 427 2494 plena
457 2429 507 2480 est
537 2417 720 2479 defectibus
753 2426 786 2477 et
815 2414 992 2493 pressuris.

236 2515 397 2593 Quamvis
428 2515 567 2576 libenter
595 2532 689 2576 esses
718 2515 800 2575 liber
827 2513 992 2590 apassio·

236 2613 333 2674 nibus
354 2613 499 2674 cunctis:
529 2623 637 2674 tamen
659 2628 725 2672 non
747 2621 836 2672 esset
859 2627 995 2686 semper

235 2711 401 2787 proiectus
431 2721 516 2772 tuus.
560 2709 725 2770 Patienter
746 2725 822 2785 ergo
847 2708 994 2769 sustine:

236 2808 263 2868 si
286 2808 337 2869 vis
352 2809 423 2868 Deo
446 2807 575 2884 placere
597 2815 630 2868 et
644 2806 782 2867 multum
800 2806 994 2882 promereri.

200 2905 321 2966 zsNam
351 2914 453 2965 totum
482 2901 539 2966 tibi
561 2903 656 2964 cedet
677 2903 710 2962 in
732 2903 871 2964 bonum:
900 2903 929 2964 si
951 2904 993 2964 de

237 3019 334 3062 manu
350 3002 412 3062 Dei
428 3001 550 3078 accipis
566 3019 663 3062 omne
681 3001 897 3062 infortunium
913 3011 995 3062 tarn-

237 3115 334 3176 quam
345 3098 473 3159 animae
481 3099 618 3159 lucrum.
635 3099 734 3159 Recta
742 3097 841 3157 viaad
850 3097 994 3158 caelum:

237 3206 287 3257 est
308 3195 372 3273 pati
395 3207 527 3272 propter
548 3197 666 3257 Deum.
698 3196 734 3256 ln
754 3194 871 3257 humili
893 3193 995 3256 suiie-

237 3295 358 3355 rentia:
383 3294 591 3371 cognoscitur
612 3293 759 3356 virtuosa
779 3292 846 3354 vita
867 3302 900 3353 et
922 3308 995 3352 cae-

202 3391 330 3456 aolestis
352 3391 521 3467 sapientia.

575 3469 656 3526 3⁹82

594 3592 636 3634 3oe

1072 949 1077 1228 1

1075 1303 1079 1548 i
