2160 4194
86 610 150 670 eo?
193 610 333 670 Prorsus
360 607 481 668 nullus
524 609 607 668 Nam
636 608 663 669 si
696 609 839 668 ferveret

86 707 188 767 intus:
210 707 327 768 vitaret
344 704 531 782 vaniloquia
554 705 643 766 loris.
673 704 738 766 Sed
760 721 839 782 quo·

86 805 180 864 modo
209 813 316 880 potest
344 803 419 881 quis
447 803 580 864 accendi
610 804 649 864 ad
674 803 837 863 fervorem

86 903 247 980 spiritus?
296 904 331 963 In
369 903 519 964 iaciendo
555 902 617 963 sibi
649 902 839 978 Frequenter

85 1001 271 1062 violentiam
292 1010 404 1061 contra
419 999 690 1060 consuetudinem
707 999 861 1058 malam:s

7 1159 8 1162 ,
85 1108 116 1159 et
150 1100 292 1161 tenendo
324 1098 449 1159 ordinis
484 1099 624 1175 rigorem
656 1096 837 1157 secundum

84 1197 221 1257 lormam
230 1196 291 1257 sibi
301 1196 544 1273 praescriptam.
557 1195 700 1272 Tepidus
708 1209 840 1269 semper

84 1293 296 1372 conqueritur
317 1294 357 1354 de
373 1293 530 1371 gravitate
546 1292 754 1370 disciplinae:
777 1292 839 1374 ler-

83 1392 180 1452 vidus
210 1389 417 1468 amplectitur
447 1407 521 1450 cum
553 1390 724 1451 hilaritate.
774 1388 838 1449 Sed

83 1489 176 1550 dicis.
201 1488 314 1549 Timeo
330 1489 480 1565 frangere
496 1497 591 1564 caput
605 1503 729 1546 meum:
746 1494 778 1546 et
792 1485 839 1544 in·
851 1505 876 1546 to

82 1603 217 1648 currere
233 1586 442 1647 debilitatem.
471 1585 560 1663 Quid
575 1583 720 1661 loqueris
731 1583 839 1659 tepide

82 1695 115 1745 et
131 1683 316 1745 dissolute?
346 1684 465 1745 Nescis
480 1683 558 1761 quid
573 1682 704 1760 pateris.
728 1680 839 1741 Times

81 1799 198 1858 parva:
221 1792 253 1842 et
274 1799 339 1843 non
361 1782 458 1842 times
480 1780 622 1858 magna?
651 1778 763 1838 Times
785 1779 839 1838 do-

81 1881 186 1941 lorem
216 1880 249 1940 in
279 1896 432 1956 corpore:
461 1888 493 1939 et
520 1895 586 1938 non
615 1877 712 1937 times
735 1876 839 1953 gravi-

80 1986 183 2037 tatem
191 1977 549 2038 malaeconscientiaei’
564 1975 674 2036 Times
683 1974 840 2048 ieiunare,
851 1994 876 2034 15

80 2074 181 2134 times
203 2074 354 2151 vigilare,
382 2074 479 2134 times
501 2073 667 2134 silentium
690 2087 840 2146 servare3

81 2182 115 2232 et
132 2188 197 2231 non
213 2172 311 2233 times
332 2172 364 2233 in
381 2171 456 2249 igne
472 2171 620 2246 cremari,
642 2169 839 2231 adaemoni-

80 2272 146 2330 bus
174 2270 336 2348 torqueri,
365 2279 397 2330 et
425 2287 443 2330 a
469 2287 569 2346 regno
593 2269 653 2329 Dei
684 2268 840 2329 excludi?

80 2369 199 2428 Vanus
209 2378 259 2428 est
270 2368 367 2428 timor
378 2367 458 2444 iste3
473 2367 513 2427 de
525 2367 652 2427 modica
662 2366 839 2426 afflictione

7 2491 8 2500 ¹
80 2465 232 2540 corporis
264 2465 453 2541 frequenter
484 2463 625 2540 cogitare
655 2463 875 2539 praesentiam

79 2562 169 2622 mala
190 2563 397 2624 solummodo
421 2562 640 2639 perpendere:
670 2571 702 2621 et
730 2561 839 2622 minus

78 2661 266 2736 ponderare
288 2678 372 2738 quae
394 2660 601 2721 aeternaliter
616 2659 755 2720 animam
779 2662 839 2720 sal-

79 2767 161 2818 vant
177 2768 231 2818 aut
241 2758 403 2818 damnant.
429 2759 840 2834 Revertereadcortuum3

79 2865 277 2916 convertere
300 2855 339 2915 ad
362 2856 468 2915 Deum
491 2855 546 2932 qui
570 2855 716 2916 fecitte:
744 2873 841 2933 spera

79 2954 116 3013 in
141 2969 182 3012 eo
203 2962 235 3012 et
257 2952 380 3013 iuvabit
401 2961 443 3013 te.
473 2951 507 3013 Si
530 2969 595 3012 non
611 2963 704 3029 potes
726 2953 755 3014 ei
772 2968 876 3015 ser-25

78 3051 155 3111 vire
184 3068 264 3111 sano
287 3050 407 3127 capite:
437 3061 514 3111 tunc
536 3050 662 3111 servias
689 3050 718 3110 ei
742 3051 839 3111 debili

79 3148 207 3225 capite3
229 3158 261 3209 et
283 3149 449 3209 coronabit
470 3158 503 3209 te
518 3149 602 3209 rosis
618 3167 654 3209 ac
670 3149 747 3209 liliis
767 3166 840 3210 sua-

78 3247 232 3308 vissimis
247 3264 321 3307 cum
338 3246 535 3324 martyribus
546 3245 667 3307 sanctis
681 3245 714 3304 in
726 3245 839 3305 caelis:

77 3344 160 3420 quia
171 3343 357 3405 sustinuisti
369 3345 499 3405 dolores
510 3353 541 3403 et
551 3343 679 3403 labores
690 3343 722 3402 in
733 3343 839 3404 terris.

78 3442 158 3502 Noli
183 3458 261 3518 ergo
283 3452 416 3518 propter
434 3441 597 3502 modicum
621 3440 876 3516 corruptibilisso

75 3539 169 3600 vitae
178 3555 324 3599 amorem
334 3540 446 3600 illicita
455 3539 625 3600 admittere
633 3538 840 3614 ;nolisaecu-

34 3643 37 3648 ·
444 3644 482 3686 271
