2178 4186
235 444 316 497 m
375 443 858 490 arcohuaubmrohvmmmms
916 448 992 502 m

236 577 433 653 sacerdotes,
455 595 570 639 omnes
590 579 723 655 praelati
739 597 855 641 omnes
872 582 991 643 subditi

235 691 351 736 omnes
373 675 500 736 nobiles
522 685 556 736 et
576 677 746 754 vulgares,
768 695 884 740 omnes
908 680 990 744 docti

236 772 356 848 pariter
386 783 419 834 et
448 772 586 834 indocti:
617 773 694 850 quia
724 791 789 835 non
821 775 906 837 elata
935 777 992 837 sed

235 869 371 930 humilia
399 870 494 932 docet
523 869 697 948 Christus3
727 889 793 934 non
821 890 905 934 vana
936 876 991 935 sed

212 967 342 1043 sutilia,
370 985 435 1029 non
467 968 547 1029 lalsa
569 970 627 1030 sed
649 986 744 1032 vera:
771 987 836 1031 non
863 979 992 1032 terrena

235 1066 293 1126 sed
315 1065 477 1127 caelestia.
520 1066 597 1127 Cito
619 1066 718 1144 igitur
741 1068 856 1128 ductus
878 1068 941 1130 erit
961 1079 992 1130 et

234 1163 359 1238 beatus,
370 1163 521 1241 quisquis
532 1164 704 1226 Christum
718 1165 993 1227 luerithumiliter
1068 1223 1069 1234 ,

234 1259 388 1322 imitatus,
431 1261 488 1323 Est
512 1262 599 1323 enim
624 1262 793 1325 humilitas
816 1263 991 1341 singularis

233 1357 338 1419 virtus
361 1358 504 1421 Christi:
533 1361 695 1422 contraria
721 1361 848 1422 diabolo
872 1371 905 1423 et
926 1363 991 1422 odi-

201 1455 309 1516 robilis
337 1457 469 1518 mundo.
511 1457 577 1534 Qui
607 1460 692 1519 hanc
715 1458 812 1519 corde
838 1467 871 1519 et
893 1475 991 1535 opere
1067 1511 1069 1530 ,

234 1562 333 1628 tenet,
354 1554 425 1614 Deo
448 1564 480 1616 et
499 1555 625 1632 angelis
646 1556 768 1632 placet:
790 1565 823 1616 et
844 1556 992 1616 securior
1061 1541 1069 1606 ¹,

234 1667 273 1710 ex
298 1651 360 1712 hoc
389 1653 520 1713 saeculo
551 1652 700 1729 migrabit
728 1653 813 1714 sicut
835 1652 991 1714 Christus

234 1747 320 1809 dicit.
364 1749 455 1810 Beati
485 1766 646 1827 pauperes
675 1750 807 1827 spiritu:
835 1752 988 1828 quoniam

234 1845 379 1921 ipsorum
409 1857 460 1908 est
488 1865 623 1924 regnum
653 1849 828 1911 caelorum.
878 1849 989 1928 ltaque
1065 1867 1069 1886 ³

199 1944 306 2005 ussine
328 1945 510 2007 humilitate
528 1963 593 2006 non
609 1956 660 2007 est
674 1947 780 2008 salus:
802 1963 863 2006 nec
885 1947 989 2008 virtus

234 2058 295 2102 nec
316 2041 399 2102 actio
416 2044 486 2104 Deo
501 2053 599 2120 grata.
630 2043 749 2106 Omnis
771 2043 861 2104 labor
878 2061 989 2121 quam·

232 2139 283 2200 vis
305 2155 442 2217 magnus
456 2141 606 2218 quamvis
622 2141 811 2203 diuturnus:
833 2141 907 2203 sine
929 2145 989 2203 hae

232 2236 374 2298 allicitur
388 2240 508 2300 nullus.
537 2238 621 2299 Nam
636 2239 797 2316 prolunda
811 2240 990 2316 humilitas,

231 2351 340 2396 arcem
351 2345 440 2397 tenet
448 2336 662 2398 virtutumzet
671 2337 991 2414 triumphatsemper

195 2431 272 2496 aude
300 2430 453 2493 inimicis,
503 2434 630 2495 Exultat
660 2435 701 2495 de
730 2434 832 2512 gratia
860 2434 987 2496 Christi

231 2544 316 2604 quae
350 2528 396 2589 illi
428 2530 521 2591 datur
550 2541 714 2608 tamquam
746 2530 850 2592 amico
882 2531 989 2609 lideli;

231 2624 307 2702 quia
334 2636 450 2702 sponte
479 2645 516 2688 se
547 2629 656 2690 subdit
686 2628 854 2704 Creatori,
884 2640 988 2690 totum

230 2723 352 2784 bonum
374 2723 404 2784 ei
420 2725 630 2786 ascribendo:
652 2736 685 2788 et
706 2743 782 2787 sese
803 2726 836 2786 in
859 2726 989 2790 cunctis
1069 2795 1070 2798 Ἴ

230 2820 452 2897 deprimendo.
480 2822 616 2900 Absque
631 2823 814 2885 humilitate
834 2841 914 2885 vera
934 2843 989 2886 va·
1069 2845 1070 2848 ¹

193 2944 221 2986 25
230 2935 327 2980 cuum
338 2919 462 2996 geritur
471 2937 593 2982 nomen
607 2921 805 2998 sanctitatis3
819 2939 881 2983 nec
892 2924 988 3001 prod-

230 3026 280 3078 est
291 3016 371 3078 loris
381 3018 553 3079 honestas:
568 3019 596 3079 si
608 3018 696 3080 intus
707 3019 875 3080 humilitas
892 3020 987 3082 desit.

229 3113 315 3175 Cum
346 3115 527 3177 humilitate
555 3117 595 3177 ad
623 3134 788 3179 summum
819 3118 989 3180 scanditur

228 3212 366 3273 bonum:
388 3212 461 3274 sine
482 3231 521 3274 ea
542 3215 583 3275 de
605 3232 734 3276 summo
756 3215 861 3276 ruitur
882 3215 917 3276 in
939 3217 988 3277 in-

229 3311 368 3371 fernum.
392 3309 507 3372 Testes
522 3321 600 3373 sunt
620 3312 755 3374 humilis
775 3313 987 3390 publicanus:

191 3417 260 3476 aoet
288 3407 480 3484 pharisaeus
509 3408 623 3470 elatus.
666 3409 773 3471 Horre
796 3411 986 3473 Luciferum

228 3505 268 3565 de
304 3505 394 3565 eaelo
430 3506 621 3582 cadentem3
662 3506 791 3569 intuere
827 3508 986 3572 Lazarum

584 3609 626 3652 ara
