2138 4196
249 455 370 508 &m
441 455 479 497 DE
495 454 674 498 iMlTATIONE
689 452 813 497 CHRISTI
885 454 1006 507 &KQ

250 599 282 649 et
303 588 495 664 despectae,
518 589 588 648 Deo
611 586 752 685 devotus
770 598 802 648 et
822 587 1006 665 gratilicus3

250 685 355 746 lidens
386 694 418 746 et
446 703 582 762 sperans
613 703 744 763 semper
774 685 807 746 in
839 702 877 745 eo
908 684 1005 745 etiam

251 800 324 843 cum
341 782 402 843 sibi
418 800 484 843 non
499 783 583 860 sapit
595 785 702 844 Deus:
717 783 793 861 quia
806 783 878 843 sine
894 783 1007 843 dolore

250 897 315 941 non
331 880 453 941 vivitur
466 879 500 941 in
515 897 635 941 amore.
659 880 724 958 Qui
735 898 801 942 non
812 890 862 942 est
874 889 1007 957 paratus

227 978 360 1039 somnia
382 977 445 1054 pati
461 987 493 1038 et
508 978 547 1038 ad
562 978 761 1039 voluntatem
778 987 863 1039 stare
878 977 1007 1039 dilecti:

251 1093 316 1136 non
339 1085 389 1136 est
404 1076 521 1153 dignus
536 1085 660 1136 amator
675 1076 839 1153 appellari.
868 1075 1009 1152 Oportet

251 1183 412 1234 amantem
442 1173 552 1234 omnia
580 1172 660 1234 dura
688 1183 720 1234 et
745 1190 854 1234 amara
874 1182 1009 1250 propter

252 1272 405 1332 dilectum
428 1272 568 1332 libenter
588 1271 755 1348 amplecti:
783 1289 844 1332 nec
866 1271 907 1332 ob
932 1289 1008 1332 con·

252 1369 349 1431 traria
369 1369 549 1430 accidentia
570 1368 609 1429 ab
632 1387 671 1430 eo
694 1369 832 1430 dellecti.

218 1566 310 1627 roDE
334 1566 620 1629 PROBATIONE
641 1566 742 1626 VERI
768 1564 1009 1628 AMATORIS.

496 1721 703 1772 carrrvuvrn
721 1721 766 1770 vr.

254 1800 401 2021 ffilli
425 1875 490 1918 non
513 1875 549 1918 es
567 1858 672 1918 adhuc
695 1856 788 1918 fortis
811 1866 843 1918 et
863 1857 1010 1933 prudens
1062 1921 1063 1960 ἦ

383 1966 516 2017 amator.
564 1955 676 2033 Quare
707 1955 875 2016 Domine?
923 1955 1011 2032 Quia
1062 1961 1063 2004 l

253 2063 385 2129 propter
412 2052 571 2114 modicam
604 2053 864 2114 contrarietatem
896 2052 1012 2114 deficis
1062 2043 1063 2079 ³

220 2167 272 2211 rsa
293 2151 434 2227 coeptis:
459 2161 490 2212 et
512 2151 611 2212 nimis
634 2150 729 2211 avide
751 2151 1011 2212 consolationem

254 2247 394 2325 quaeris.
417 2247 522 2309 Fortis
533 2257 657 2309 amator
672 2257 734 2309 stat
748 2248 782 2308 in
793 2247 1012 2324 temptationi·

253 2347 330 2406 bus:
362 2363 422 2406 nec
451 2344 577 2406 callidis
608 2345 711 2406 credit
740 2344 1013 2421 persuasionibus

253 2442 386 2504 inimici.
437 2443 527 2504 Sicut
557 2443 587 2503 ei
619 2443 652 2503 in
684 2441 851 2519 prosperis
881 2442 1013 2518 placeo:

253 2541 296 2601 ita
320 2558 380 2601 nec
408 2541 442 2601 in
470 2541 619 2601 adversis
647 2539 815 2617 displiceo.
860 2539 1013 2600 Prudens

216 2648 377 2701 aramator
407 2656 472 2699 non
506 2648 570 2699 tam
602 2636 724 2698 donum
760 2636 899 2697 amantis
936 2653 1013 2697 con·
1059 2673 1060 2690 ι

253 2736 390 2797 siderat:
413 2753 508 2814 quam
532 2735 638 2796 dantis
660 2751 815 2795 amorem.
845 2733 1012 2796 Allectum
1059 2701 1060 2789 l

254 2833 362 2910 potius
390 2832 525 2894 attendit
553 2850 649 2911 quam
681 2849 834 2893 censum:
866 2841 898 2892 et
927 2831 1015 2893 inlra

254 2930 407 2991 dilectum
419 2930 528 2991 omnia
538 2931 611 2991 data
621 2930 721 3007 ponit.
747 2929 876 2991 Nobilis
887 2939 1015 2991 amator

254 3045 319 3088 non
342 3026 481 3104 quiescit
502 3027 536 3088 in
559 3026 661 3088 dono:
690 3027 749 3087 sed
778 3027 811 3088 in
836 3044 889 3087 me
911 3044 1015 3105 super
1058 3021 1059 3025 ’

218 3141 351 3190 rsomne
373 3126 505 3187 donum.
548 3125 622 3186 Non
644 3136 694 3186 est
716 3125 790 3186 ideo
814 3135 917 3187 totum
941 3144 1015 3204 per·

254 3225 367 3300 ditum,
389 3224 416 3284 si
440 3225 635 3302 quandoque
657 3224 767 3286 minus
788 3223 874 3284 bene
896 3222 937 3284 de
960 3241 1014 3284 me

254 3323 306 3382 vel
329 3320 369 3382 de
391 3322 513 3383 sanctis
535 3322 618 3382 meis
642 3321 746 3382 sentis
775 3338 871 3399 quam
897 3323 1014 3383 velles.

254 3418 403 3480 Allectus
425 3419 480 3480 ille
501 3419 607 3480 bonus
630 3428 662 3480 et
677 3419 781 3480 dulcis
799 3437 898 3497 quem
914 3419 1014 3481 inter·

255 3516 331 3577 dum
354 3516 511 3593 percipis:
534 3515 674 3578 effectus
688 3517 809 3593 gratiae
828 3517 1014 3593 praesentis

615 3620 653 3662 154
