2160 4194
67 445 834 504 mmflffifflfflffldwffl

69 583 265 659 persolvere
287 580 320 641 in
343 579 484 640 ecclesia
506 589 627 640 sancta.
658 579 696 639 Et
718 579 745 638 si
768 595 834 639 non

70 697 255 758 possumus
283 679 356 739 sine
384 678 630 739 intermissione
658 693 753 737 orare
781 685 836 737 aut

70 775 835 855 cumperfectiscontemplari3debemustamen

72 876 175 937 certis
199 875 291 936 horis
312 875 351 936 ad
374 875 436 934 hoc
459 873 621 949 deputatis
636 887 767 933 omnem
791 871 836 931 di·

72 973 244 1051 ligentiam
267 972 440 1033 adhibere:
463 980 498 1030 ut
520 970 644 1031 intente
666 979 698 1030 et
720 970 859 1030 devotes

71 1072 266 1148 psallamus.
309 1069 426 1146 Neque
453 1068 541 1129 enim
568 1067 601 1128 in
631 1078 695 1128 tam
724 1076 837 1128 sancto

73 1185 177 1246 opere
202 1167 257 1228 tibi
283 1167 346 1244 ipsi
376 1167 483 1228 solum
512 1165 644 1243 proficis
672 1176 837 1226 aeternam

73 1286 92 1328 a
122 1265 269 1327 Domino
298 1265 485 1326 mercedem
515 1263 749 1341 promerendo;
780 1263 838 1323 sed

73 1364 176 1424 etiam
200 1362 328 1423 cunctis
351 1362 476 1425 Christi
507 1361 659 1422 lidelibus
687 1372 720 1422 et
748 1376 838 1437 prae·

74 1463 175 1538 cipue
191 1459 362 1521 animabus
377 1459 543 1521 defunctis
555 1458 721 1535 ‚prodesse
735 1466 840 1533 potes,
850 1474 875 1517 to

74 1560 215 1638 gratiam
237 1568 270 1619 et
290 1557 420 1618 veniam
446 1556 479 1617 in
502 1555 674 1616 cotidianis
696 1555 787 1615 horis
808 1564 841 1615 et

75 1653 840 1732 missisimplorand03ettantopleniustquanto

76 1755 214 1832 saepius
244 1763 276 1814 et
299 1751 480 1814 lerventius
509 1768 567 1827 pro
591 1750 744 1812 omnibus
772 1766 841 1810 ora·

76 1853 180 1914 veris.
218 1852 300 1912 Nam
324 1860 356 1912 et
371 1867 429 1926 pro
445 1849 591 1926 quolibet
604 1849 706 1909 verbo
721 1858 842 1909 attente

8 2009 10 2042 ᾖ
77 1950 224 2026 prolato:
260 1947 346 2008 iusto
377 1947 522 2024 praemio
554 1962 619 2006 non
652 1945 841 2022 privaberis.
854 1964 878 2006 15

79 2043 842 2125 QuicquidetiamneglegenterpersolviS,inde

80 2145 231 2206 districte
258 2143 416 2221 punieris.
467 2142 541 2203 Non
572 2142 660 2203 enim
692 2153 742 2203 est
770 2143 843 2203 leve

79 2251 253 2319 peccatum
276 2241 310 2302 in
329 2240 515 2318 praesentia
531 2239 591 2299 Dei
609 2249 640 2299 et
655 2249 841 2300 sanctorum

80 2357 165 2416 vago
181 2339 280 2400 corde
295 2349 398 2400 stare:
414 2349 446 2400 et
457 2339 497 2398 ad
512 2354 605 2398 sacra
615 2338 715 2398 verba
729 2354 842 2413 parum

81 2437 263 2499 attendere.
301 2437 374 2496 Heu
390 2446 530 2513 quantae
545 2435 778 2497 irreverentiae
794 2445 881 2495 estro

82 2535 127 2596 ibi
150 2533 262 2594 inania
283 2533 367 2594 dicta
389 2533 441 2593 vel
471 2533 554 2594 facta
577 2533 764 2593 revolvere:
789 2531 843 2592 ubi

83 2631 240 2692 omnibus
270 2630 511 2707 praetermissis
543 2629 702 2707 negotiis,
737 2630 843 2690 solum

84 2727 208 2789 divinis
230 2727 378 2803 congruit
403 2727 573 2788 intendere
602 2726 785 2788 actionibus
813 2737 845 2788 et

84 2825 235 2888 secretis.
285 2826 321 2885 ln
352 2826 414 2885 hoc
445 2825 654 2901 cognoscitur
684 2841 784 2885 verus
814 2835 846 2885 et

85 2923 238 2985 internus
267 2921 456 2999 religiosus:
486 2921 513 2981 si
544 2921 577 2980 in
605 2921 665 2981 Dei
696 2920 882 2982 laudibusas

87 3021 187 3083 fuerit
210 3020 376 3081 ferventer
397 3019 561 3095 intentus3
585 3018 612 3079 si
636 3018 681 3078 nil
704 3018 846 3095 cogitare

86 3120 167 3180 libet
181 3127 236 3188 aut
246 3134 342 3194 agere
354 3134 450 3194 quam
467 3133 604 3193 eaquae
620 3117 690 3176 Deo
706 3116 846 3177 maxime

86 3218 234 3293 placent:
257 3225 289 3275 et
310 3232 384 3275 cum
400 3214 558 3291 angelicis
575 3212 745 3290 spiritibus
761 3229 847 3274 com·

87 3313 280 3375 munionem
310 3313 440 3373 habent.
484 3312 522 3372 Et
550 3312 612 3372 hoc
637 3322 688 3373 est
716 3329 848 3388 semper

87 3428 193 3487 orare,
209 3411 317 3470 Deum
332 3409 459 3470 scilicet
469 3426 509 3468 ex
524 3418 590 3468 toto
607 3409 704 3469 corde
716 3409 883 3470 laudareao

88 3507 288 3569 benedicere
308 3517 341 3568 et
361 3506 545 3584 glorificare
574 3505 847 3583 quemadmodum

450 3611 491 3654 zoa
