2178 4186
248 412 287 454 DE
303 411 539 456 RECOGNITIONE
555 411 705 454 PROPRIAE
721 411 929 454 FRAGlLlTATlS

133 555 134 560 ’
210 545 285 606 dum
298 555 428 623 tempus
439 546 544 606 adhuc
556 545 733 606 miserendi
749 555 810 620 est,
825 554 857 605 et
873 545 968 606 locus

210 643 338 704 veniam
354 643 540 730 inquirendi
557 653 719 705 remanet:
737 646 874 721 loquere
890 662 967 705 cum

211 743 367 818 propheta
388 742 421 801 in
444 741 587 817 psalmo,
612 751 645 803 et
666 759 723 802 ora
743 741 913 802 humiliter
933 753 968 803 et

210 837 412 899 confidenter
429 839 552 900 dicens.
583 839 650 900 Fiat
665 839 890 900 misericordia
911 849 970 901 tua

187 947 245 998 sut
273 937 461 998 consoletur
489 955 558 998 me:
587 938 768 999 secundum
797 937 967 1014 eloquium

209 1044 301 1095 tuum
324 1051 420 1124 servo
442 1044 507 1095 tuo.

211 1230 268 1290 DE
290 1227 565 1292 CONTEMPTV
585 1230 735 1292 VANAE
758 1229 967 1292 GLORIAE.

460 1385 664 1435 cumrvuvu
683 1387 716 1435 11.

210 1465 419 1683 &ffimm
449 1523 561 1583 mundi
592 1523 693 1583 facies
714 1523 850 1584 indicat:
879 1525 968 1601 quod

176 1636 201 1676 ro
341 1621 483 1681 mundus
511 1620 610 1680 amari
639 1638 705 1682 non
730 1621 836 1682 debet.
878 1621 967 1683 Cum

210 1717 297 1778 enim
321 1728 385 1778 tam
409 1718 504 1778 facile
527 1735 563 1778 se
585 1718 702 1779 variat:
728 1719 874 1794 profecto
896 1735 969 1779 cor·

211 1814 396 1890 ruptibilem
429 1833 466 1876 se
497 1817 706 1877 demonstrat.
749 1816 838 1877 Nulli
869 1815 967 1876 lldem

211 1912 336 1972 firmam
368 1922 494 1988 servat;
525 1913 583 1973 sed
612 1913 776 1974 modicum
807 1913 840 1973 in
871 1930 969 1988 appa-

211 2009 315 2069 remia
345 2009 526 2070 blanditur:
561 2020 593 2071 et
623 2010 656 2070 in
688 2009 753 2070 line
783 2010 903 2086 decipit
933 2021 969 2072 et

177 2107 325 2168 rsilludit.
368 2107 442 2166 Non
472 2124 549 2184 ergo
577 2107 838 2183 pulchritudines
862 2107 969 2167 homi·

211 2222 300 2280 num,
322 2222 386 2264 non
403 2204 534 2265 divitiae
555 2221 675 2280 rerum,
697 2221 762 2265 non
785 2204 898 2264 laudes
913 2205 970 2264 ad-

211 2303 369 2363 ulantium
392 2319 458 2362 non
488 2303 617 2362 favores
639 2301 820 2378 potentium
844 2312 877 2361 te
898 2318 969 2361 mo-

211 2410 308 2460 veant
339 2408 371 2460 et
400 2400 579 2477 delectent3
611 2400 686 2477 quia
714 2416 797 2460 vana
827 2408 903 2459 suut
934 2409 970 2460 et

211 2497 379 2558 mortifera
410 2513 636 2574 quaecumque
667 2515 685 2556 a
720 2513 849 2556 summo
880 2495 969 2556 bono

174 2596 396 2656 aoretmhunt:
425 2606 457 2655 et
478 2595 517 2655 ad
546 2594 657 2655 infima
678 2594 852 2672 cogitatum
874 2593 969 2654 incli-

211 2702 298 2753 nam.
341 2692 459 2754 Omnis
491 2693 612 2769 quippe
643 2709 717 2752 caro
750 2691 898 2752 laeuum:
933 2702 969 2752 et

211 2790 318 2850 omnis
340 2789 442 2867 gloria
457 2789 529 2850 eius
545 2789 637 2866 quasi
654 2788 715 2849 llos
739 2789 835 2849 faeni.
865 2788 968 2866 Igitur

211 2890 370 2948 humanas
397 2887 510 2947 laudes
532 2903 597 2946 non
619 2886 771 2962 affectes3
798 2902 861 2946 nec
882 2903 969 2946 vane

211 2983 351 3061 aliquem
369 2985 520 3044 extollas:
536 2984 646 3044 nescis
661 2983 749 3044 enim
765 2982 842 3060 quid
859 2982 969 3044 lutura

175 3079 314 3156 aspariet
335 3080 415 3140 dies.
445 3080 550 3157 Saepe
573 3079 744 3141 novissimi
767 3087 843 3139 sunt
858 3077 968 3155 primi,

211 3186 243 3237 et
254 3177 348 3254 primi
361 3177 543 3238 novissimi.
567 3178 653 3255 Fuge
667 3176 790 3238 laudari
800 3187 966 3253 tamquam

211 3294 392 3338 venenum:
422 3294 463 3337 ne
492 3277 661 3337 seducaris
689 3286 722 3336 et
750 3275 867 3351 perdas
889 3274 966 3335 boni

211 3375 319 3452 operis
335 3374 497 3435 meritum.
527 3374 609 3435 Vani
632 3384 709 3434 sunt
728 3383 760 3434 et
781 3371 888 3432 stulti:
911 3371 966 3448 qui

210 3472 359 3533 laudibus
382 3472 584 3532 delectantur
605 3470 766 3531 humanis.
803 3470 968 3532 Laudetur

566 3575 608 3618 aaa
