2146 4194
241 421 364 474 mm
438 419 476 462 DE
492 419 670 463 ΙΜΠΑΤΙΟΝΕ
686 421 810 463 CHRISTI
879 420 990 473 w

245 571 317 614 eas:
340 555 451 616 emitte
473 554 606 631 sagittas
630 565 701 615 tuas
719 564 751 614 et
766 555 991 615 conturbentur
1045 545 1048 628 l

245 668 360 711 omnes
376 651 566 728 phantasiae
582 651 715 712 inimici.
746 651 910 727 Recollige
925 667 991 710 sen·
1047 633 1048 656 ³

244 766 301 808 sus
317 766 409 810 meos
424 749 463 809 ad
480 759 529 809 te:
553 750 602 809 lac
618 766 670 809 me
687 747 837 810 oblivisci
854 748 990 808 omnium

244 848 500 908 mundanorum:
536 847 575 907 da
606 848 669 908 cito
701 847 831 906 abicere
863 856 894 906 et
923 862 991 906 cun·

220 954 391 1005 stemnere
407 946 632 1021 phantasmata
647 944 812 1004 vitiorum.
837 943 991 1004 Succurre

244 1040 322 1100 mihi
339 1050 471 1101 aeterna
486 1043 624 1103 veritas:
649 1042 788 1102 utnulla
804 1059 856 1102 me
872 1049 991 1101 moveat

243 1138 385 1214 vanitas;
425 1139 542 1200 adveni
579 1139 731 1200 caelestis
767 1138 926 1198 suavitas:
964 1147 992 1196 et
1049 1155 1050 1218 l

245 1234 466 1312 lugiatalacie
478 1246 532 1296 tua
543 1236 649 1296 omnis
660 1235 840 1312 impuritas.
864 1235 992 1312 Ignosce
1049 1261 1050 1276 2

244 1350 375 1410 quoque
403 1333 482 1393 mihi
513 1345 545 1393 et
567 1333 823 1394 misericorditer
851 1334 993 1408 indulge:

210 1455 235 1496 10
245 1429 396 1506 quotiens
416 1441 545 1506 praeter
566 1442 598 1492 te
619 1431 706 1490 aliud
729 1431 762 1491 in
782 1432 927 1492 oratione
949 1448 994 1490 re·
1050 1491 1051 1502 ,

245 1528 350 1588 νοΙνο.
381 1527 551 1590 Confiteor
566 1529 686 1589 etenim
703 1545 798 1588 vere:
814 1528 890 1605 quia
904 1527 995 1587 valde

245 1624 397 1685 distracte
420 1643 472 1685 me
495 1625 615 1686 habere
638 1626 806 1687 consuevi.
849 1626 931 1686 Nam
955 1625 995 1685 ibi

246 1723 435 1782 multotiens
451 1739 516 1782 non
539 1739 623 1797 sum,
646 1723 700 1783 ubi
719 1723 930 1800 corporaliter
948 1732 996 1783 sto
1048 1714 1052 1817 l

245 1828 299 1879 aut
321 1820 437 1895 sedeo;
459 1821 517 1880 sed
540 1820 583 1880 ibi
600 1820 702 1897 magis
723 1838 812 1882 sum:
835 1839 898 1898 quo
915 1821 997 1898 cogi·

212 1917 420 1983 mationibus
450 1918 546 1978 feror.
590 1919 636 1979 lbi
666 1937 739 1979 sum
766 1918 819 1978 ubi
849 1918 997 1995 cogitatio

246 2031 318 2074 mea
333 2024 398 2075 est:
421 2014 463 2074 ibi
480 2025 530 2076 est
548 2015 737 2093 frequenter
752 2016 901 2093 cogitatio
918 2033 998 2090 mea,

247 2111 300 2170 ubi
330 2122 379 2172 est
408 2114 494 2188 quod
523 2130 607 2174 amo.
651 2115 722 2174 Hoc
745 2113 824 2173 mihi
854 2112 917 2172 cito
947 2129 998 2171 oc·

246 2207 362 2268 currit:
392 2209 478 2285 quod
501 2211 691 2270 naturaliter
712 2211 851 2270 delectat
880 2219 934 2268 aut
961 2226 999 2268 ex

247 2323 308 2365 usu
324 2306 438 2382 placet.
461 2307 555 2368 Vnde
571 2317 604 2367 tu
620 2307 740 2367 veritas
755 2317 865 2383 aperte
881 2306 999 2366 dixisti.

210 2427 237 2468 20
247 2403 308 2463 Vbi
322 2403 408 2462 enim
421 2414 471 2464 est
487 2405 662 2464 thesaurus
677 2414 770 2464 tuus:
786 2403 828 2463 ibi
841 2415 892 2464 est
903 2413 935 2463 et
945 2421 1000 2462 cor

247 2512 348 2570 tuum.
379 2501 411 2561 Si
436 2502 562 2561 caelum
578 2501 693 2577 diligo:
715 2501 856 2561 libenter
870 2501 910 2561 de
931 2518 1000 2560 cae-

248 2599 385 2660 lestibus
406 2617 519 2675 penso.
549 2598 583 2659 Si
600 2600 757 2659 mundum
776 2615 867 2674 amo;
889 2599 999 2659 mundi

249 2696 458 2757 felicitatibus
481 2697 686 2772 congaudeo:
711 2706 742 2756 et
764 2696 804 2756 de
826 2696 1000 2756 adversita

248 2795 334 2854 tibus
350 2795 422 2855 eius
439 2794 559 2854 tristor.
592 2793 624 2854 Si
642 2810 772 2853 carnem
789 2793 904 2870 diligo:
920 2811 1000 2870 quae

212 2892 355 2955 25carnis
378 2902 454 2952 sunt
477 2907 575 2967 saepe
597 2891 765 2968 imaginor.
795 2889 828 2951 Si
850 2890 999 2966 spiritum

248 3007 337 3050 amo:
367 2990 406 3050 de
435 2989 659 3066 spiritualibus
681 2988 822 3065 cogitare
849 2987 1000 3048 delector.

250 3087 486 3164 Quaecumque
502 3085 589 3146 enim
606 3086 719 3162 dilig03
742 3084 849 3145 dehis
865 3085 1000 3147 libenter

248 3185 364 3259 loquor
386 3193 417 3243 et
440 3182 551 3244 audio:
582 3192 679 3258 atque
708 3181 818 3242 talium
844 3180 1000 3260 imagines

250 3297 377 3340 mecum
401 3281 440 3340 ad
463 3281 594 3340 domum
620 3289 760 3355 reporto.
802 3278 867 3339 Sed
890 3279 1000 3342 beatus

213 3379 304 3440 soille
327 3380 435 3454 homo,
457 3377 512 3455 qui
536 3387 667 3453 propter
689 3387 720 3436 te
738 3376 879 3436 Domine
902 3378 1000 3438 omni·

249 3477 310 3534 bus
334 3474 491 3534 creaturis
521 3475 684 3535 licentiam
708 3474 847 3534 abeundi
878 3475 1001 3547 tribuit;

607 3579 647 3621 232
