2146 4194
92 449 358 504 mm
420 452 494 495 111411
553 453 833 507 &dmm

92 592 184 644 tetur:
198 586 255 645 sed
266 585 299 645 in
310 595 341 646 te
352 602 417 645 uno
430 603 487 646 cor
500 602 610 647 meum
626 596 834 648 convertatur

92 689 119 740 et
136 682 287 758 quiescat.
316 683 409 744 Vnde
425 683 452 743 si
467 684 551 744 bene
566 683 685 744 scirem
701 701 832 746 omnem

91 779 255 840 humanam
291 781 545 842 consolationem
579 781 726 858 abicere,
762 782 832 843 sive

91 887 212 953 propter
239 878 444 938 devotionem
473 879 731 955 adipiscendamt
762 879 832 940 sive

90 984 212 1050 propter
239 975 468 1036 necessitatem
499 994 563 1053 qua
593 977 772 1052 compellor
801 987 856 1038 tes

90 1086 248 1149 quaerere,
271 1073 426 1150 quianon
442 1084 491 1134 est
505 1074 604 1134 homo
619 1073 674 1150 qui
690 1090 743 1134 me
758 1090 834 1133 con-

90 1168 220 1246 soletur3
250 1180 327 1230 tunc
358 1187 488 1247 possem
520 1171 636 1231 merito
666 1170 706 1230 de
733 1169 835 1246 gratia

90 1275 138 1325 tua
164 1284 310 1343 sperare:
340 1267 433 1328 etde
455 1268 540 1328 dono
562 1285 666 1329 novae
688 1270 834 1329 consola-

90 1363 181 1423 tionis
201 1366 356 1426 exultare.

125 1460 253 1523 Gratias
264 1464 319 1524 tibi
334 1463 420 1524 unde
435 1472 537 1524 totum
549 1465 653 1526 venit:
669 1465 835 1542 quotiens·
846 1486 871 1529 to

90 1574 221 1635 cumque
243 1561 323 1621 mihi
345 1562 430 1621 bene
452 1562 606 1623 succedit.
639 1563 705 1641 Ego
727 1573 834 1624 autem

89 1656 206 1717 vanitas
238 1669 270 1719 et
298 1658 435 1718 nihilum
464 1669 538 1720 ante
567 1670 614 1720 te:
646 1661 835 1722 inconstans

90 1752 180 1813 homo
208 1765 240 1816 et
270 1756 428 1817 infirmus.
475 1758 568 1818 Vnde
595 1775 671 1836 ergo
700 1776 833 1834 possum

89 1850 227 1929 gloriari3
250 1863 304 1914 aut
326 1871 384 1914 cur
404 1863 520 1930 appeto
536 1856 705 1931 reputari?
734 1857 835 1918 Num·

89 1947 159 2023 quid
180 1950 220 2010 de
242 1950 372 2012 nihilo?
401 1952 440 2012 Et
460 1953 522 2012 hoc
538 1953 752 2014 vanissimum
775 1965 834 2016 est.
847 1980 872 2021 15

89 2043 168 2105 Vere
196 2047 303 2107 inanis
333 2049 435 2125 gloria
464 2051 548 2110 mala
578 2051 681 2126 pestis
709 2052 834 2112 vanitas

89 2144 237 2222 maxima3
268 2146 343 2223 quia
373 2165 391 2206 a
421 2165 498 2207 vera
529 2149 625 2209 trahit
655 2150 772 2227 gloria:
804 2159 836 2210 et

90 2243 214 2306 caelesti
237 2245 354 2320 spoliat
373 2246 484 2322 gratia.
520 2247 606 2307 Dum
627 2247 714 2307 enim
737 2248 835 2308 homo

90 2341 262 2418 complacet
284 2342 346 2402 sibi
369 2343 518 2420 displicet
539 2344 613 2405 tibi:
636 2344 712 2404 dum
735 2345 837 2406 inhiat

90 2435 231 2499 laudibus
243 2441 394 2501 humanis
401 2441 547 2517 privatur
556 2441 645 2502 veris
653 2442 837 2503 virtutibus.
846 2464 873 2506 ao

92 2532 141 2596 Est
161 2546 269 2598 autem
292 2555 370 2598 vera
383 2539 486 2616 gloria
501 2548 532 2599 et
547 2540 701 2601 exultatio
717 2549 838 2615 sancta,

90 2633 211 2707 gloriari
241 2634 274 2694 in
303 2646 334 2696 te
363 2644 395 2695 et
417 2652 482 2696 non
504 2636 537 2696 in
560 2654 613 2697 se:
641 2637 782 2714 gaudere
804 2637 837 2696 in

90 2733 215 2793 nomine
237 2741 293 2792 tuo
315 2749 380 2792 non
406 2733 440 2792 in
462 2735 591 2810 propria
613 2735 748 2795 virtute:
776 2752 837 2795 nec

90 2826 120 2888 in
139 2831 247 2907 aliqua
267 2841 414 2891 creatura
442 2832 594 2893 delectari
622 2833 684 2893 nisi
708 2844 839 2909 propter

91 2933 126 2986 te.
168 2929 331 2988 Laudetur
359 2943 479 2989 nomen
508 2938 599 2990 tuum
624 2947 689 2990 non
712 2947 875 2995 meumzzs

91 3025 309 3102 magnificetur
324 3043 405 3102 opus
421 3039 512 3086 tuum
524 3043 589 3086 non
601 3044 727 3104 meum3
741 3028 839 3087 bene·

91 3119 209 3184 dicatur
223 3140 343 3183 nomen
361 3132 509 3184 sanctum
532 3134 640 3184 tuum:
662 3125 743 3185 nihil
759 3124 838 3185 mihi

92 3231 191 3282 autem
214 3221 406 3283 attribuatur
427 3221 467 3282 de
490 3222 639 3282 laudibus
659 3223 838 3282 hominum.

91 3313 133 3377 Tu
152 3319 256 3395 gloria
284 3337 356 3380 mea
385 3329 419 3380 tu
447 3321 601 3381 exultatio
628 3320 736 3380 cordis
758 3320 860 3413 mei31

92 3411 171 3476 inte
192 3417 355 3494 gloriabor
376 3428 408 3480 et
430 3419 579 3479 exultabo
601 3427 667 3500 tota
688 3418 757 3478 die:
781 3435 876 3494 proso

91 3524 260 3575 meantem
277 3515 357 3576 nihil
370 3515 433 3576 nisi
449 3515 483 3576 in
494 3515 735 3576 infirmitatibus
746 3515 839 3576 meis.

442 3620 482 3662 217
