2138 4196
281 789 511 852 INCIPIVNT
533 790 753 853 CAPITVLA
777 793 893 853 LIBRI

389 888 445 948 DE
469 887 784 950 SACRAMENTO.

546 1027 624 1034 -ι

208 1114 268 1156 Cum
287 1122 368 1168 quanta
387 1116 510 1157 reverentia
525 1114 633 1157 Christus
652 1117 682 1157 sit
700 1115 862 1168 suscipiendus

208 1184 276 1238 Quod
291 1196 369 1238 magna
383 1186 471 1227 bonitas
490 1193 511 1228 et
529 1187 609 1227 caritas
625 1185 666 1228 Dei
687 1187 709 1228 in
724 1195 863 1229 sacramento

184 1256 198 1296 5
261 1256 347 1297 homini
362 1256 479 1298 exhibetur
500 1285 863 1300 ...........

208 1326 275 1381 Quod
291 1326 345 1369 utile
359 1327 389 1368 sit
403 1339 471 1380 saepe
485 1329 650 1369 communicare
677 1358 863 1370 ......

208 1397 275 1452 Quod
300 1397 370 1439 muita
394 1399 450 1440 bona
474 1405 616 1450 praestantur
639 1399 717 1440 devote
740 1401 863 1441 communi·

261 1470 363 1511 cantibus
392 1499 862 1512 ..............

210 1540 242 1582 De
257 1541 362 1593 dignitate
376 1542 508 1583 sacramenti
523 1549 544 1582 et
558 1548 616 1582 statu
632 1542 788 1584 sacerdotali.
819 1572 824 1583 .
855 1573 860 1583 .

174 1613 199 1654 10
208 1612 352 1666 interrogatio
367 1613 394 1654 de
409 1614 513 1654 exercitio
527 1621 577 1654 ante
591 1614 790 1655 communionem.
820 1643 825 1653 .
856 1643 861 1652 .

209 1683 242 1726 De
250 1683 393 1726 discussione
403 1685 507 1737 propriae
514 1685 663 1726 conscientiae
672 1693 693 1726 et
700 1685 862 1727 emendationis

262 1757 378 1809 pmposito
392 1784 862 1798 ..............

210 1826 243 1868 De
253 1827 364 1868 oblatione
374 1826 462 1868 Christi
473 1828 496 1869 in
506 1839 572 1868 cruce
581 1835 602 1868 et
612 1829 703 1880 propria
714 1827 862 1879 resignatione

208 1895 276 1950 Quod
292 1909 333 1938 nos
348 1905 368 1938 et
383 1899 458 1939 omnia
472 1906 548 1939 nostra
564 1897 611 1939 Deo
626 1897 733 1940 debemus
747 1897 827 1939 oiierre
842 1906 862 1939 et

175 1971 200 2011 15
262 1980 302 2021 pro
317 1969 422 2010 omnibus
437 1981 500 2010 orare
536 1998 861 2012 ..........

209 2038 276 2092 Quod
286 2050 349 2080 sacra
359 2040 488 2081 communio
503 2040 530 2082 de
545 2039 604 2082 iaciii
616 2053 659 2083 non
674 2049 707 2083 est
718 2039 863 2093 relinquenda

208 2108 276 2163 Quod
295 2121 378 2163 corpus
399 2109 486 2152 Christi
508 2119 529 2152 et
549 2123 613 2152 sacra
634 2112 746 2164 scriptura
767 2112 862 2152 maxime

262 2188 315 2222 sunt
329 2182 415 2223 animae
430 2181 489 2224 fldeii
505 2184 632 2224 necessaria
642 2212 862 2224 .......

209 2250 277 2305 Quod
292 2263 370 2304 magna
385 2252 500 2305 diligentia
518 2264 543 2294 se
561 2253 638 2295 debeat
656 2254 862 2295 communicaturus

172 2326 200 2367 20
262 2322 356 2364 Christo
371 2335 502 2376 praeparare
535 2353 862 2366 ..........
923 2323 966 2365 Xii

209 2393 277 2448 Quod
292 2394 417 2436 totocorde
432 2395 505 2436 anima
522 2395 601 2436 devota
615 2394 702 2437 Christi
718 2395 824 2436 unionem
840 2396 862 2436 in

262 2472 400 2506 sacramento
414 2464 516 2507 aiiectare
530 2465 593 2507 debet
606 2495 861 2508 ........
911 2465 965 2507 iiiii

210 2536 243 2578 De
267 2535 406 2589 quorundam
432 2534 563 2578 devotorum
587 2536 672 2577 ardenti
700 2536 813 2578 desiderio
835 2537 862 2578 ad

261 2619 344 2661 corpus
360 2605 447 2649 Christi
465 2636 863 2649 ............
899 2607 965 2650 iiiiii

173 2678 201 2720 25
210 2678 277 2732 Quod
292 2679 361 2731 gratia
375 2677 502 2719 devotionis
517 2677 642 2720 humilitate
656 2685 677 2720 et
690 2679 726 2719 sui
742 2679 816 2731 ipsius
826 2679 862 2719 ab·

263 2751 378 2802 negatione
391 2749 514 2801 acquiritur
536 2778 861 2790 ..........
928 2748 966 2791 XV

210 2820 277 2875 Quod
292 2821 437 2862 necessitates
457 2826 546 2861 nostras
562 2818 656 2861 Christo
670 2820 756 2872 aperire
774 2827 794 2860 et
811 2819 861 2860 eius

262 2893 354 2946 gratiam
370 2891 484 2945 postulare
498 2891 605 2933 debemus
644 2919 862 2933 .......
915 2889 964 2932 xvi

211 2963 244 3006 De
258 2963 344 3004 ardenti
358 2974 434 3003 amore
449 2970 470 3005 et
484 2962 609 3004 vehementi
628 2961 706 3004 aiieetu
722 2959 862 3012 suscipiendi

173 3035 201 3076 30
264 3033 381 3076 Christum
393 3061 861 3075 ..............
904 3030 964 3073 XVii

210 3103 277 3158 Quod
293 3104 360 3145 homo
375 3116 419 3146 non
434 3104 463 3145 sit
478 3105 584 3146 curiosus
599 3111 709 3146 scrutator
722 3100 862 3154 sacramenti,

263 3175 303 3216 sed
318 3175 412 3217 humilis
428 3175 525 3215 imitator
535 3172 622 3215 Christi
638 3173 754 3215 subdendo
769 3183 862 3213 sensum

263 3257 330 3288 suum
345 3257 421 3287 sacrae
436 3243 486 3286 iidei
500 3272 862 3286 ...........
892 3241 964 3284 XViii
