2142 4194
79 594 261 654 tradebatur
282 593 464 654 necessitas
486 594 665 669 corporalis
682 593 832 654 relectio·

79 688 136 748 nis.
154 689 319 751 Omnibus
328 691 460 766 divitiis,
471 691 690 769 dignitatibus,
701 693 832 753 honori·

79 786 135 846 bus
156 789 273 850 amicis
295 797 328 849 et
348 788 494 865 cognatis
517 789 760 851 renuntiabant:
784 789 830 849 nil

79 884 115 944 de
135 887 259 947 mundo
281 888 402 947 habere
424 887 614 964 cupiebant;
641 887 696 947 vix
717 904 831 947 neces-

79 983 158 1043 saria
193 985 280 1044 vitae
316 986 504 1045 sumebant:
540 985 668 1060 corpori
704 984 853 1045 servires

79 1081 170 1142 etiam
193 1082 228 1142 in
250 1083 448 1144 necessitate
471 1082 632 1143 dolebant.
665 1083 831 1158 Pauperes

78 1178 170 1255 igitur
199 1191 292 1241 erant
320 1181 419 1241 rebus
446 1180 604 1241 terrenis:
632 1180 690 1239 sed
713 1179 831 1240 divites

12 1287 14 1304 ’
78 1279 166 1338 valde
189 1280 224 1338 in
246 1279 348 1356 gratia
369 1287 401 1339 et
422 1278 606 1339 virtutibus.
644 1277 735 1337 Foris
758 1295 830 1354 ege·

77 1374 166 1436 bant:
203 1377 263 1437 sed
293 1376 382 1437 intus
412 1375 513 1452 gratia
543 1384 576 1435 et
607 1374 829 1436 consolatione

77 1473 183 1534 divina
198 1473 438 1535 reficiebantur.
468 1473 593 1533 Mundo
612 1482 703 1532 erant
718 1472 830 1532 alieni:
842 1487 867 1528 ro

77 1571 131 1630 sed
163 1573 237 1633 Deo
264 1570 402 1648 proximi
439 1588 476 1630 ac
512 1569 689 1631 familiares
724 1571 830 1631 amici.

78 1666 141 1727 Sibi
164 1667 248 1745 ipsis
269 1668 463 1729 videbantur
484 1677 647 1745 tamquam
670 1668 775 1744 nihili,
798 1679 830 1728 et

77 1765 149 1825 huic
169 1766 293 1827 mundo
309 1757 471 1843 despecti:
494 1767 553 1827 sed
568 1776 660 1826 erant
675 1767 708 1827 in
724 1767 829 1826 oculis

12 1883 16 1902 ⁸
78 1861 134 1922 Dei
157 1862 293 1939 pretiosi
323 1874 355 1924 et
377 1864 496 1925 dilecti.
540 1865 576 1926 ln
600 1882 679 1925 vera
699 1863 829 1924 humili·

76 1967 136 2019 tate
150 1961 293 2021 stabant:
314 1961 347 2021 in
363 1961 502 2038 simplici
520 1962 726 2023 oboedientia
741 1961 829 2021 vive·
841 1979 865 2018 rs

76 2057 157 2118 bant.
189 2060 226 2119 ln
242 2059 374 2119 caritate
395 2069 427 2120 et
441 2060 595 2136 patientia
610 2060 829 2135 ambulabant3

76 2163 106 2212 et
134 2155 210 2216 idco
242 2157 360 2217 cotidie
391 2156 424 2216 in
453 2157 570 2233 spiritu
601 2157 830 2234 proficiebant:

76 2263 106 2312 et
125 2270 276 2330 magnam
298 2254 383 2330 apud
406 2256 512 2316 Deum
541 2256 675 2332 gratiam
705 2255 829 2314 obtine-

76 2351 157 2412 bant.
202 2352 276 2412 Dati
306 2361 382 2411 sunt
403 2351 436 2410 in
466 2353 652 2429 exemplum
676 2352 828 2413 omnibus

77 2449 254 2527 religiosis3
278 2458 311 2510 et
331 2451 405 2526 plus
426 2468 605 2527 provocare
627 2468 688 2510 nos
710 2451 865 2511 debentao

76 2547 112 2605 ad
132 2547 218 2608 bene
241 2547 494 2622 proficiendum:
523 2565 619 2625 quam
645 2548 827 2624 tepidorum

12 2637 15 2648 ’
76 2661 231 2706 numerus
253 2645 292 2705 ad
315 2645 534 2706 relaxandum.

114 2742 296 2838 Oquantus
308 2742 418 2802 fervor
428 2743 574 2804 omnium
588 2744 827 2822 religiosorum,

76 2839 106 2899 in
117 2839 277 2917 principio
289 2857 368 2900 suae
384 2850 515 2900 sanctae
526 2841 741 2903 institutionis
757 2842 827 2902 fuit.

77 2935 103 2996 O
119 2947 238 3014 quanta
254 2937 384 2997 devotio
400 2938 567 3013 orationis,
585 2950 704 3016 quanta
719 2957 827 3000 aemu·
837 2953 864 2994 25

76 3032 401 3111 latiovirtutis3quam
411 3036 827 3114 magnadisciplinaviguit:

76 3132 707 3206 quantareverentiaetoboedientiasub
717 3137 828 3213 regula

77 3230 215 3307 magistri
239 3231 272 3291 in
295 3230 448 3291 omnibus
465 3232 618 3292 effloruit.
654 3232 828 3293 Testantur

77 3327 176 3388 adhuc
197 3329 338 3405 vestigia
359 3329 531 3406 derelicta,
557 3330 642 3407 quod
665 3347 743 3391 vere
765 3331 826 3390 viri

77 3428 172 3487 sancti
184 3426 365 3504 etperfecti
378 3427 525 3488 fuerunt:
542 3428 596 3504 qui
613 3438 676 3488 tam
693 3438 864 3489 strenueso

12 3527 14 3534 ’
77 3522 246 3586 militantes
262 3526 419 3585 mundum
437 3527 736 3601 suppeditaverunt.
760 3528 825 3587 lam

436 3630 460 3671 ar
