2178 4186
244 408 405 462 wem*
454 407 492 450 oe
507 404 712 450 nominem
726 405 794 448 vnn
841 405 1004 458 [pangaea

246 558 298 601 me
320 557 394 602 cum
417 540 524 617 aliqua
545 538 719 599 dilectione
743 548 798 599 aut
819 539 1004 600 aversione.

247 639 284 698 Et
316 639 445 715 quando
476 638 516 697 ab
547 636 699 697 omnibus
733 653 858 697 vacuus
889 648 940 698 sto
972 647 1004 698 et
1071 679 1072 682 κ

245 736 458 813 inoccupatus
474 751 607 794 maneo:
622 743 699 794 tunc
714 734 754 794 ad
764 735 891 795 caelum
902 752 1005 812 pergo

246 851 320 896 curn
343 833 496 910 Christ03
524 849 585 893 nec
607 832 673 892 ulla
693 849 747 892 res
773 849 826 892 me
848 841 926 893 tunc
948 833 1004 892 de·

224 933 342 993 slectat
363 948 471 1009 neque
488 931 590 992 ullum
606 930 762 991 solacium
779 940 921 991 recreat:
943 931 1003 992 sed

246 1030 352 1090 solum
380 1029 457 1089 unio
480 1028 623 1103 Christi,
652 1045 711 1088 sua
736 1028 838 1105 gioria
866 1038 898 1089 et
927 1045 1003 1089 esse

246 1146 320 1190 curn
343 1128 424 1205 ipso.
467 1127 496 1188 Ο
519 1143 615 1203 quam
640 1125 717 1186 felix
739 1136 789 1187 est
810 1125 873 1186 ista
892 1126 1004 1186 morti-

246 1225 369 1286 ficatio:
391 1242 474 1302 quae
492 1224 571 1285 mihi
587 1225 691 1301 aperit
705 1225 833 1285 ianuam
849 1234 1003 1286 aeternae

245 1324 341 1384 vitae.

212 1440 237 1482 ro
286 1423 408 1481 Beatus
445 1421 607 1480 lohannes
645 1419 844 1496 evangelista
880 1420 1004 1481 audivit

245 1536 361 1579 vocem
392 1519 433 1578 de
463 1518 554 1578 caelo
589 1516 752 1578 dicentem
785 1517 858 1577 sibi.
909 1517 1006 1577 Beati

247 1616 363 1678 mortui
384 1616 440 1692 qui
455 1615 488 1675 in
505 1615 643 1676 Domino
664 1615 850 1675 moriuntur.
879 1614 1004 1675 Amodo

246 1715 330 1775 enim
360 1714 424 1774 iam
453 1713 534 1774 dicit
553 1711 712 1788 Spiritus:
742 1717 777 1772 ut
804 1712 1007 1787 requiescant

246 1829 266 1872 a
290 1811 452 1871 laboribus
472 1809 549 1869 suis.
585 1810 673 1870 Vere
695 1811 836 1870 caeleste
859 1821 911 1871 est
933 1828 1005 1871 ver-

213 1910 340 1970 rsbum:
367 1908 450 1968 mori
479 1916 629 1983 peccato,
659 1916 691 1966 et
718 1907 784 1968 vim
812 1907 921 1968 facere
950 1926 1005 1968 na-

246 2015 348 2066 turae.
391 2005 461 2065 Nec
489 2005 581 2081 prius
609 2021 688 2064 vera
716 2005 842 2065 interna
870 2023 932 2081 pax
957 2006 1005 2066 in·

246 2101 393 2178 venitur;
414 2101 477 2161 nisi
499 2103 598 2161 homo
621 2101 682 2162 sibi
705 2102 767 2179 ipsi
790 2105 833 2165 sit
853 2114 1005 2165 mortuus

247 2213 279 2263 et
301 2201 439 2262 mundo:
468 2211 564 2278 atque
594 2201 712 2262 cotidie
741 2203 781 2262 de
799 2218 896 2262 novo
920 2201 1004 2262 mori

248 2316 284 2358 se
306 2298 465 2375 disponat.
508 2298 672 2375 Quoniam
693 2299 783 2360 omni
801 2299 854 2358 die
876 2307 1006 2375 oportet

211 2413 301 2457 rome
322 2412 515 2472 proponere,
536 2395 632 2471 velle,
655 2396 736 2456 mori
759 2406 892 2473 propter
907 2395 1005 2457 Chri-

248 2502 352 2568 stum,
381 2502 412 2553 et
434 2493 473 2552 de
495 2508 580 2551 novo
609 2491 754 2568 incipere
775 2493 874 2553 vitam
897 2510 1004 2554 meam

250 2590 440 2665 emendare3
455 2599 487 2650 et
502 2590 541 2649 ad
556 2589 743 2666 patiendum
755 2599 787 2652 et
797 2591 1004 2652 moriendum

249 2685 441 2763 disponere:
463 2697 495 2747 et
516 2703 569 2746 me
591 2685 699 2762 ipsum
721 2687 864 2750 vincere.
901 2690 1005 2750 Immo

250 2785 337 2846 omni
367 2787 447 2845 hora
476 2793 507 2844 et
535 2793 682 2860 ternpore
710 2795 837 2860 oportet
866 2804 920 2848 me
946 2788 1004 2848 niti

212 2881 339 2945 asexirc
367 2899 459 2941 arne
488 2881 559 2957 ipso
588 2890 621 2940 et
648 2881 687 2940 ad
717 2881 852 2944 fundum
880 2902 935 2946 rne
957 2903 1005 2946 re·

250 2980 399 3057 linquere
414 2989 546 3058 propter
562 2978 750 3042 Christum:
771 2991 868 3058 atque
883 2981 918 3042 in
933 2983 1005 3043 eius

251 3094 362 3137 amore
389 3077 454 3139 mei
483 3079 588 3156 ipsius
617 3095 760 3140 amorem
790 3080 954 3156 abnegare
975 3091 1006 3141 et

250 3175 398 3236 nihilare.
441 3177 523 3237 Nam
546 3186 670 3239 tantum
693 3177 818 3238 lucror:
848 3189 1004 3255 quantum

250 3289 308 3348 pro
331 3271 466 3334 Christo
488 3274 632 3351 dimitt03
654 3285 686 3336 et
706 3285 830 3336 tanturn
854 3277 1005 3352 proficio:

213 3380 405 3446 acquantum
435 3389 527 3431 ame
556 3389 647 3433 exeo.
689 3373 751 3434 Vbi
774 3390 827 3433 me
855 3375 1006 3453 relinquo

250 3465 294 3524 ibi
317 3482 369 3525 me
392 3466 541 3529 invenio:
563 3479 595 3529 et
617 3469 671 3530 ubi
692 3487 745 3531 me
760 3470 867 3546 ipsum
884 3489 1006 3549 quaero
1071 3525 1072 3530 ,
