<?xml version="1.0" encoding="UTF-8"?>
<!DOCTYPE html PUBLIC "-//W3C//DTD XHTML 1.0 Transitional//EN"
    "http://www.w3.org/TR/xhtml1/DTD/xhtml1-transitional.dtd">
<html xmlns="http://www.w3.org/1999/xhtml" xml:lang="en" lang="en">
 <head>
  <title>
</title>
<meta http-equiv="Content-Type" content="text/html;charset=utf-8" />
  <meta name='ocr-system' content='tesseract 3.04.00' />
  <meta name='ocr-capabilities' content='ocr_page ocr_carea ocr_par ocr_line ocrx_word'/>
</head>
<body>
  <div class='ocr_page' id='page_1' title='image "./thomaehemerkena03pohlgoog_0119.png"; bbox 0 0 2138 4196; ppageno 0'>
   <div class='ocr_carea' id='block_1_1' title="bbox 220 484 980 540">
    <p class='ocr_par' dir='ltr' id='par_1_1' title="bbox 220 484 980 540">
     <span class='ocr_line' id='line_1_1' title="bbox 220 484 980 540; baseline 0 -12"><span class='ocrx_word' id='word_1_1' title='bbox 220 486 341 540; x_wconf 54' lang='lat' dir='ltr'><strong>&amp;m</strong></span> <span class='ocrx_word' id='word_1_2' title='bbox 412 485 451 528; x_wconf 84' lang='lat' dir='ltr'><strong>DE</strong></span> <span class='ocrx_word' id='word_1_3' title='bbox 467 484 645 529; x_wconf 69' lang='lat' dir='ltr'><strong>miratione</strong></span> <span class='ocrx_word' id='word_1_4' title='bbox 661 485 785 530; x_wconf 80' lang='lat' dir='ltr'>CHRISTI</span> <span class='ocrx_word' id='word_1_5' title='bbox 856 485 980 538; x_wconf 57' lang='lat' dir='ltr'><strong>fimf&amp;</strong></span> 
     </span>
    </p>
   </div>
   <div class='ocr_carea' id='block_1_2' title="bbox 199 619 980 1463">
    <p class='ocr_par' dir='ltr' id='par_1_2' title="bbox 199 619 980 1463">
     <span class='ocr_line' id='line_1_2' title="bbox 221 619 978 696; baseline -0.004 -15"><span class='ocrx_word' id='word_1_6' title='bbox 221 630 369 696; x_wconf 87' lang='lat' dir='ltr'><strong>tempus,</strong></span> <span class='ocrx_word' id='word_1_7' title='bbox 404 637 478 680; x_wconf 92' lang='lat' dir='ltr'><strong>curn</strong></span> <span class='ocrx_word' id='word_1_8' title='bbox 511 636 564 680; x_wconf 89' lang='lat' dir='ltr'><strong>me</strong></span> <span class='ocrx_word' id='word_1_9' title='bbox 594 620 633 680; x_wconf 87' lang='lat' dir='ltr'><strong>ad</strong></span> <span class='ocrx_word' id='word_1_10' title='bbox 669 619 978 680; x_wconf 89' lang='lat' dir='ltr'><strong>communicandum</strong></span> 
     </span>
     <span class='ocr_line' id='line_1_3' title="bbox 221 716 980 797; baseline -0.007 -18"><span class='ocrx_word' id='word_1_11' title='bbox 221 719 368 797; x_wconf 91' lang='lat' dir='ltr'><strong>dispono.</strong></span> <span class='ocrx_word' id='word_1_12' title='bbox 399 719 483 779; x_wconf 88' lang='lat' dir='ltr'><strong>Raro</strong></span> <span class='ocrx_word' id='word_1_13' title='bbox 504 728 591 781; x_wconf 89' lang='lat' dir='ltr'><strong>totus</strong></span> <span class='ocrx_word' id='word_1_14' title='bbox 614 719 787 779; x_wconf 88' lang='lat' dir='ltr'><strong>collectus:</strong></span> <span class='ocrx_word' id='word_1_15' title='bbox 809 716 980 776; x_wconf 83' lang='lat' dir='ltr'>rarissime</span> 
     </span>
     <span class='ocr_line' id='line_1_4' title="bbox 221 814 980 893; baseline -0.005 -17"><span class='ocrx_word' id='word_1_16' title='bbox 221 818 260 876; x_wconf 92' lang='lat' dir='ltr'><strong>ab</strong></span> <span class='ocrx_word' id='word_1_17' title='bbox 282 817 371 877; x_wconf 87' lang='lat' dir='ltr'><strong>omni</strong></span> <span class='ocrx_word' id='word_1_18' title='bbox 393 815 602 876; x_wconf 86' lang='lat' dir='ltr'><strong>distractione</strong></span> <span class='ocrx_word' id='word_1_19' title='bbox 625 824 789 893; x_wconf 88' lang='lat' dir='ltr'><strong>purgatus.</strong></span> <span class='ocrx_word' id='word_1_20' title='bbox 828 814 866 874; x_wconf 91' lang='lat' dir='ltr'><strong>Et</strong></span> <span class='ocrx_word' id='word_1_21' title='bbox 888 823 980 873; x_wconf 91' lang='lat' dir='ltr'><strong>certe</strong></span> 
     </span>
     <span class='ocr_line' id='line_1_5' title="bbox 221 911 980 990; baseline -0.008 -15"><span class='ocrx_word' id='word_1_22' title='bbox 221 914 254 974; x_wconf 94' lang='lat' dir='ltr'><strong>in</strong></span> <span class='ocrx_word' id='word_1_23' title='bbox 276 924 331 975; x_wconf 92' lang='lat' dir='ltr'><strong>tua</strong></span> <span class='ocrx_word' id='word_1_24' title='bbox 352 913 484 974; x_wconf 88' lang='lat' dir='ltr'><strong>salutari</strong></span> <span class='ocrx_word' id='word_1_25' title='bbox 507 913 645 973; x_wconf 86' lang='lat' dir='ltr'><strong>Deitatis</strong></span> <span class='ocrx_word' id='word_1_26' title='bbox 669 911 863 990; x_wconf 89' lang='lat' dir='ltr'><strong>praesentia,</strong></span> <span class='ocrx_word' id='word_1_27' title='bbox 888 911 980 970; x_wconf 86' lang='lat' dir='ltr'><strong>nulia</strong></span> 
     </span>
     <span class='ocr_line' id='line_1_6' title="bbox 199 1008 979 1087; baseline 0.001 -20"><span class='ocrx_word' id='word_1_28' title='bbox 199 1008 979 1087; x_wconf 73' lang='lat' dir='ltr'><strong>edeberetoccurrereindecenscogitati03nulla</strong></span> 
     </span>
     <span class='ocr_line' id='line_1_7' title="bbox 221 1109 979 1186; baseline -0.001 -17"><span class='ocrx_word' id='word_1_29' title='bbox 221 1110 317 1171; x_wconf 88' lang='lat' dir='ltr'><strong>etiam</strong></span> <span class='ocrx_word' id='word_1_30' title='bbox 340 1125 500 1185; x_wconf 91' lang='lat' dir='ltr'><strong>occupare</strong></span> <span class='ocrx_word' id='word_1_31' title='bbox 522 1118 685 1169; x_wconf 85' lang='lat' dir='ltr'><strong>creatura:</strong></span> <span class='ocrx_word' id='word_1_32' title='bbox 707 1109 783 1186; x_wconf 91' lang='lat' dir='ltr'><strong>quia</strong></span> <span class='ocrx_word' id='word_1_33' title='bbox 799 1125 865 1168; x_wconf 91' lang='lat' dir='ltr'><strong>non</strong></span> <span class='ocrx_word' id='word_1_34' title='bbox 880 1125 979 1185; x_wconf 86' lang='lat' dir='ltr'><strong>ange·</strong></span> 
     </span>
     <span class='ocr_line' id='line_1_8' title="bbox 220 1205 979 1282; baseline 0.003 -18"><span class='ocrx_word' id='word_1_35' title='bbox 220 1206 298 1282; x_wconf 89' lang='lat' dir='ltr'><strong>ium,</strong></span> <span class='ocrx_word' id='word_1_36' title='bbox 313 1205 372 1266; x_wconf 92' lang='lat' dir='ltr'><strong>sed</strong></span> <span class='ocrx_word' id='word_1_37' title='bbox 383 1206 572 1282; x_wconf 84' lang='lat' dir='ltr'>angelorum</span> <span class='ocrx_word' id='word_1_38' title='bbox 584 1207 750 1266; x_wconf 89' lang='lat' dir='ltr'><strong>dominum</strong></span> <span class='ocrx_word' id='word_1_39' title='bbox 761 1215 979 1282; x_wconf 88' lang='lat' dir='ltr'><strong>suscepturus</strong></span> 
     </span>
     <span class='ocr_line' id='line_1_9' title="bbox 221 1303 980 1380; baseline 0 -17"><span class='ocrx_word' id='word_1_40' title='bbox 221 1321 294 1363; x_wconf 87' lang='lat' dir='ltr'><strong>surn</strong></span> <span class='ocrx_word' id='word_1_41' title='bbox 323 1303 474 1380; x_wconf 89' lang='lat' dir='ltr'><strong>hospitio.</strong></span> <span class='ocrx_word' id='word_1_42' title='bbox 517 1305 574 1365; x_wconf 87' lang='lat' dir='ltr'><strong>Est</strong></span> <span class='ocrx_word' id='word_1_43' title='bbox 601 1314 710 1365; x_wconf 89' lang='lat' dir='ltr'><strong>tamen</strong></span> <span class='ocrx_word' id='word_1_44' title='bbox 738 1304 832 1365; x_wconf 87' lang='lat' dir='ltr'><strong>valde</strong></span> <span class='ocrx_word' id='word_1_45' title='bbox 860 1320 980 1380; x_wconf 86' lang='lat' dir='ltr'><strong>magna</strong></span> 
     </span>
     <span class='ocr_line' id='line_1_10' title="bbox 220 1401 979 1463; baseline 0.001 -3"><span class='ocrx_word' id='word_1_46' title='bbox 220 1401 372 1462; x_wconf 87' lang='lat' dir='ltr'><strong>distantia</strong></span> <span class='ocrx_word' id='word_1_47' title='bbox 393 1401 478 1461; x_wconf 91' lang='lat' dir='ltr'><strong>inter</strong></span> <span class='ocrx_word' id='word_1_48' title='bbox 501 1419 608 1462; x_wconf 91' lang='lat' dir='ltr'><strong>arcarn</strong></span> <span class='ocrx_word' id='word_1_49' title='bbox 638 1401 780 1463; x_wconf 83' lang='lat' dir='ltr'><strong>foederis</strong></span> <span class='ocrx_word' id='word_1_50' title='bbox 808 1419 883 1462; x_wconf 87' lang='lat' dir='ltr'><strong>cunr</strong></span> <span class='ocrx_word' id='word_1_51' title='bbox 906 1401 979 1461; x_wconf 88' lang='lat' dir='ltr'><strong>suis</strong></span> 
     </span>
    </p>
   </div>
   <div class='ocr_carea' id='block_1_3' title="bbox 188 1499 1059 1576">
    <p class='ocr_par' dir='ltr' id='par_1_3' title="bbox 188 1499 1059 1576">
     <span class='ocr_line' id='line_1_11' title="bbox 188 1499 1059 1576; baseline 0.003 -21"><span class='ocrx_word' id='word_1_52' title='bbox 188 1499 385 1576; x_wconf 89' lang='lat' dir='ltr'><strong>roreliquiis,</strong></span> <span class='ocrx_word' id='word_1_53' title='bbox 414 1509 446 1560; x_wconf 90' lang='lat' dir='ltr'><strong>et</strong></span> <span class='ocrx_word' id='word_1_54' title='bbox 468 1500 720 1561; x_wconf 88' lang='lat' dir='ltr'><strong>mundissimum</strong></span> <span class='ocrx_word' id='word_1_55' title='bbox 743 1515 861 1575; x_wconf 92' lang='lat' dir='ltr'><strong>corpus</strong></span> <span class='ocrx_word' id='word_1_56' title='bbox 883 1508 977 1559; x_wconf 89' lang='lat' dir='ltr'><strong>tuum</strong></span> <span class='ocrx_word' id='word_1_57' title='bbox 1058 1528 1059 1536; x_wconf 21' lang='grc' dir='ltr'><strong>κ</strong></span> 
     </span>
    </p>
   </div>
   <div class='ocr_carea' id='block_1_4' title="bbox 220 1595 980 1771">
    <p class='ocr_par' dir='ltr' id='par_1_4' title="bbox 220 1595 980 1771">
     <span class='ocr_line' id='line_1_12' title="bbox 221 1595 980 1672; baseline 0.001 -16"><span class='ocrx_word' id='word_1_58' title='bbox 221 1613 295 1656; x_wconf 88' lang='lat' dir='ltr'><strong>curn</strong></span> <span class='ocrx_word' id='word_1_59' title='bbox 324 1597 394 1656; x_wconf 91' lang='lat' dir='ltr'><strong>suis</strong></span> <span class='ocrx_word' id='word_1_60' title='bbox 422 1596 643 1657; x_wconf 84' lang='lat' dir='ltr'><strong>ineffabilibus</strong></span> <span class='ocrx_word' id='word_1_61' title='bbox 670 1597 861 1672; x_wconf 85' lang='lat' dir='ltr'><strong>virtutibus3</strong></span> <span class='ocrx_word' id='word_1_62' title='bbox 892 1595 980 1657; x_wconf 91' lang='lat' dir='ltr'><strong>inter</strong></span> 
     </span>
     <span class='ocr_line' id='line_1_13' title="bbox 220 1693 979 1771; baseline 0 -17"><span class='ocrx_word' id='word_1_63' title='bbox 220 1693 336 1771; x_wconf 86' lang='lat' dir='ltr'><strong>legalia</strong></span> <span class='ocrx_word' id='word_1_64' title='bbox 371 1694 425 1754; x_wconf 87' lang='lat' dir='ltr'><strong>ilia</strong></span> <span class='ocrx_word' id='word_1_65' title='bbox 460 1694 620 1754; x_wconf 82' lang='lat' dir='ltr'><strong>sacrificia</strong></span> <span class='ocrx_word' id='word_1_66' title='bbox 660 1694 842 1755; x_wconf 86' lang='lat' dir='ltr'><strong>futurorum</strong></span> <span class='ocrx_word' id='word_1_67' title='bbox 885 1711 979 1771; x_wconf 87' lang='lat' dir='ltr'><strong>prae·</strong></span> 
     </span>
    </p>
   </div>
   <div class='ocr_carea' id='block_1_5' title="bbox 221 1791 1060 1869">
    <p class='ocr_par' dir='ltr' id='par_1_5' title="bbox 221 1791 1060 1869">
     <span class='ocr_line' id='line_1_14' title="bbox 221 1791 1060 1869; baseline 0 -17"><span class='ocrx_word' id='word_1_68' title='bbox 221 1791 405 1869; x_wconf 85' lang='lat' dir='ltr'><strong>figurativa:</strong></span> <span class='ocrx_word' id='word_1_69' title='bbox 427 1801 459 1852; x_wconf 90' lang='lat' dir='ltr'><strong>et</strong></span> <span class='ocrx_word' id='word_1_70' title='bbox 480 1808 590 1851; x_wconf 89' lang='lat' dir='ltr'><strong>veram</strong></span> <span class='ocrx_word' id='word_1_71' title='bbox 606 1792 752 1867; x_wconf 91' lang='lat' dir='ltr'><strong>corporis</strong></span> <span class='ocrx_word' id='word_1_72' title='bbox 773 1791 819 1851; x_wconf 91' lang='lat' dir='ltr'><strong>tui</strong></span> <span class='ocrx_word' id='word_1_73' title='bbox 835 1791 978 1852; x_wconf 90' lang='lat' dir='ltr'><strong>hostiam</strong></span> <span class='ocrx_word' id='word_1_74' title='bbox 1059 1809 1060 1830; x_wconf 62' lang='lat'>¹</span> 
     </span>
    </p>
   </div>
   <div class='ocr_carea' id='block_1_6' title="bbox 187 1888 978 2063">
    <p class='ocr_par' dir='ltr' id='par_1_6' title="bbox 187 1888 978 2063">
     <span class='ocr_line' id='line_1_15' title="bbox 221 1888 978 1966; baseline 0 -18"><span class='ocrx_word' id='word_1_75' title='bbox 221 1889 366 1949; x_wconf 89' lang='lat' dir='ltr'><strong>omnium</strong></span> <span class='ocrx_word' id='word_1_76' title='bbox 396 1888 602 1966; x_wconf 89' lang='lat' dir='ltr'><strong>antiquorum</strong></span> <span class='ocrx_word' id='word_1_77' title='bbox 631 1888 866 1949; x_wconf 87' lang='lat' dir='ltr'><strong>sacrificiorum</strong></span> <span class='ocrx_word' id='word_1_78' title='bbox 890 1905 978 1948; x_wconf 91' lang='lat' dir='ltr'><strong>com·</strong></span> 
     </span>
     <span class='ocr_line' id='line_1_16' title="bbox 187 1985 978 2063; baseline 0.005 -21"><span class='ocrx_word' id='word_1_79' title='bbox 187 2001 212 2042; x_wconf 82' lang='lat'><strong>15</strong></span> <span class='ocrx_word' id='word_1_80' title='bbox 221 1987 383 2063; x_wconf 89' lang='lat' dir='ltr'><strong>pletivam.</strong></span> <span class='ocrx_word' id='word_1_81' title='bbox 409 1986 520 2063; x_wconf 86' lang='lat' dir='ltr'><strong>Quare</strong></span> <span class='ocrx_word' id='word_1_82' title='bbox 531 1986 629 2063; x_wconf 89' lang='lat' dir='ltr'><strong>igitur</strong></span> <span class='ocrx_word' id='word_1_83' title='bbox 639 2003 704 2046; x_wconf 93' lang='lat' dir='ltr'><strong>non</strong></span> <span class='ocrx_word' id='word_1_84' title='bbox 716 1985 818 2062; x_wconf 88' lang='lat' dir='ltr'><strong>magis</strong></span> <span class='ocrx_word' id='word_1_85' title='bbox 833 1986 873 2046; x_wconf 90' lang='lat' dir='ltr'><strong>ad</strong></span> <span class='ocrx_word' id='word_1_86' title='bbox 887 1995 978 2046; x_wconf 89' lang='lat' dir='ltr'><strong>tuam</strong></span> 
     </span>
    </p>
   </div>
   <div class='ocr_carea' id='block_1_7' title="bbox 220 2082 1061 2159">
    <p class='ocr_par' dir='ltr' id='par_1_7' title="bbox 220 2082 1061 2159">
     <span class='ocr_line' id='line_1_17' title="bbox 220 2082 1061 2159; baseline 0 -15"><span class='ocrx_word' id='word_1_87' title='bbox 220 2083 441 2144; x_wconf 89' lang='lat' dir='ltr'><strong>venerabilem</strong></span> <span class='ocrx_word' id='word_1_88' title='bbox 463 2082 633 2144; x_wconf 87' lang='lat' dir='ltr'><strong>inardesco</strong></span> <span class='ocrx_word' id='word_1_89' title='bbox 656 2083 890 2159; x_wconf 88' lang='lat' dir='ltr'><strong>praesentiam,</strong></span> <span class='ocrx_word' id='word_1_90' title='bbox 919 2100 981 2143; x_wconf 93' lang='lat' dir='ltr'><strong>cur</strong></span> <span class='ocrx_word' id='word_1_91' title='bbox 1060 2091 1061 2144; x_wconf 61' lang='lat' dir='ltr'><strong>i</strong></span> 
     </span>
    </p>
   </div>
   <div class='ocr_carea' id='block_1_8' title="bbox 184 2179 980 2633">
    <p class='ocr_par' dir='ltr' id='par_1_8' title="bbox 184 2179 980 2633">
     <span class='ocr_line' id='line_1_18' title="bbox 220 2179 980 2258; baseline -0.001 -17"><span class='ocrx_word' id='word_1_92' title='bbox 220 2198 286 2241; x_wconf 93' lang='lat' dir='ltr'><strong>non</strong></span> <span class='ocrx_word' id='word_1_93' title='bbox 308 2180 421 2240; x_wconf 90' lang='lat' dir='ltr'><strong>maiori</strong></span> <span class='ocrx_word' id='word_1_94' title='bbox 444 2198 496 2240; x_wconf 91' lang='lat' dir='ltr'><strong>me</strong></span> <span class='ocrx_word' id='word_1_95' title='bbox 518 2198 674 2258; x_wconf 91' lang='lat' dir='ltr'><strong>praeparo</strong></span> <span class='ocrx_word' id='word_1_96' title='bbox 696 2179 917 2240; x_wconf 86' lang='lat' dir='ltr'><strong>sollicitudine</strong></span> <span class='ocrx_word' id='word_1_97' title='bbox 939 2181 980 2240; x_wconf 89' lang='lat' dir='ltr'><strong>ad</strong></span> 
     </span>
     <span class='ocr_line' id='line_1_19' title="bbox 220 2277 978 2355; baseline 0 -17"><span class='ocrx_word' id='word_1_98' title='bbox 220 2287 275 2338; x_wconf 88' lang='lat' dir='ltr'><strong>tua</strong></span> <span class='ocrx_word' id='word_1_99' title='bbox 296 2289 407 2338; x_wconf 91' lang='lat' dir='ltr'><strong>sancta</strong></span> <span class='ocrx_word' id='word_1_100' title='bbox 429 2278 604 2354; x_wconf 83' lang='lat' dir='ltr'><strong>sumenda3</strong></span> <span class='ocrx_word' id='word_1_101' title='bbox 632 2278 761 2354; x_wconf 87' lang='lat' dir='ltr'><strong>quando</strong></span> <span class='ocrx_word' id='word_1_102' title='bbox 783 2277 828 2337; x_wconf 95' lang='lat' dir='ltr'><strong>illi</strong></span> <span class='ocrx_word' id='word_1_103' title='bbox 852 2277 978 2355; x_wconf 90' lang='lat' dir='ltr'><strong>antiqui</strong></span> 
     </span>
     <span class='ocr_line' id='line_1_20' title="bbox 221 2376 979 2454; baseline 0 -17"><span class='ocrx_word' id='word_1_104' title='bbox 221 2377 323 2437; x_wconf 90' lang='lat' dir='ltr'><strong>sancti</strong></span> <span class='ocrx_word' id='word_1_105' title='bbox 354 2376 556 2453; x_wconf 87' lang='lat' dir='ltr'><strong>patriarchae</strong></span> <span class='ocrx_word' id='word_1_106' title='bbox 587 2386 619 2436; x_wconf 92' lang='lat' dir='ltr'><strong>et</strong></span> <span class='ocrx_word' id='word_1_107' title='bbox 649 2377 846 2452; x_wconf 88' lang='lat' dir='ltr'><strong>prophetae,</strong></span> <span class='ocrx_word' id='word_1_108' title='bbox 882 2394 979 2454; x_wconf 86' lang='lat' dir='ltr'><strong>reges</strong></span> 
     </span>
     <span class='ocr_line' id='line_1_21' title="bbox 184 2473 979 2553; baseline -0.003 -17"><span class='ocrx_word' id='word_1_109' title='bbox 184 2487 211 2529; x_wconf 79' lang='lat'><strong>2⁰</strong></span> <span class='ocrx_word' id='word_1_110' title='bbox 221 2492 351 2553; x_wconf 89' lang='lat' dir='ltr'><strong>quoque</strong></span> <span class='ocrx_word' id='word_1_111' title='bbox 366 2485 398 2536; x_wconf 92' lang='lat' dir='ltr'><strong>et</strong></span> <span class='ocrx_word' id='word_1_112' title='bbox 408 2473 573 2552; x_wconf 89' lang='lat' dir='ltr'><strong>principes</strong></span> <span class='ocrx_word' id='word_1_113' title='bbox 585 2491 659 2534; x_wconf 90' lang='lat' dir='ltr'><strong>cum</strong></span> <span class='ocrx_word' id='word_1_114' title='bbox 674 2473 830 2534; x_wconf 88' lang='lat' dir='ltr'><strong>universo</strong></span> <span class='ocrx_word' id='word_1_115' title='bbox 846 2475 979 2551; x_wconf 89' lang='lat' dir='ltr'><strong>populo,</strong></span> 
     </span>
     <span class='ocr_line' id='line_1_22' title="bbox 219 2571 978 2633; baseline -0.001 0"><span class='ocrx_word' id='word_1_116' title='bbox 219 2582 343 2633; x_wconf 88' lang='lat' dir='ltr'><strong>tanturn</strong></span> <span class='ocrx_word' id='word_1_117' title='bbox 355 2571 538 2633; x_wconf 88' lang='lat' dir='ltr'><strong>devotionis</strong></span> <span class='ocrx_word' id='word_1_118' title='bbox 549 2573 813 2633; x_wconf 87' lang='lat' dir='ltr'><strong>demonstrarunt</strong></span> <span class='ocrx_word' id='word_1_119' title='bbox 822 2571 978 2632; x_wconf 84' lang='lat' dir='ltr'><strong>affectum</strong></span> 
     </span>
    </p>
   </div>
   <div class='ocr_carea' id='block_1_9' title="bbox 167 2671 979 3526">
    <p class='ocr_par' dir='ltr' id='par_1_9' title="bbox 167 2671 979 3526">
     <span class='ocr_line' id='line_1_23' title="bbox 221 2671 637 2749; baseline 0 -17"><span class='ocrx_word' id='word_1_120' title='bbox 221 2689 296 2749; x_wconf 87' lang='lat' dir='ltr'><strong>erga</strong></span> <span class='ocrx_word' id='word_1_121' title='bbox 318 2672 440 2732; x_wconf 91' lang='lat' dir='ltr'><strong>cultum</strong></span> <span class='ocrx_word' id='word_1_122' title='bbox 463 2671 637 2732; x_wconf 77' lang='lat' dir='ltr'><strong>divinum?</strong></span> 
     </span>
     <span class='ocr_line' id='line_1_24' title="bbox 168 2766 977 2830; baseline -0.005 0"><span class='ocrx_word' id='word_1_123' title='bbox 168 2787 210 2819; x_wconf 63' lang='lat' dir='ltr'><strong>nr·</strong></span> <span class='ocrx_word' id='word_1_124' title='bbox 261 2769 395 2830; x_wconf 87' lang='lat' dir='ltr'><strong>Saltavit</strong></span> <span class='ocrx_word' id='word_1_125' title='bbox 416 2769 649 2830; x_wconf 88' lang='lat' dir='ltr'><strong>devotissimus</strong></span> <span class='ocrx_word' id='word_1_126' title='bbox 667 2785 723 2828; x_wconf 87' lang='lat' dir='ltr'><strong>rex</strong></span> <span class='ocrx_word' id='word_1_127' title='bbox 739 2766 844 2827; x_wconf 88' lang='lat' dir='ltr'><strong>David</strong></span> <span class='ocrx_word' id='word_1_128' title='bbox 866 2784 977 2827; x_wconf 87' lang='lat' dir='ltr'><strong>coram</strong></span> 
     </span>
     <span class='ocr_line' id='line_1_25' title="bbox 167 2840 978 2942; baseline -0.004 -16"><span class='ocrx_word' id='word_1_129' title='bbox 167 2840 294 2926; x_wconf 75' lang='lat' dir='ltr'><strong>vmarca</strong></span> <span class='ocrx_word' id='word_1_130' title='bbox 309 2867 370 2926; x_wconf 91' lang='lat' dir='ltr'><strong>Dei</strong></span> <span class='ocrx_word' id='word_1_131' title='bbox 393 2867 469 2928; x_wconf 90' lang='lat' dir='ltr'><strong>totis</strong></span> <span class='ocrx_word' id='word_1_132' title='bbox 491 2865 626 2942; x_wconf 86' lang='lat' dir='ltr'><strong>viribus,</strong></span> <span class='ocrx_word' id='word_1_133' title='bbox 648 2866 797 2926; x_wconf 87' lang='lat' dir='ltr'><strong>recolens</strong></span> <span class='ocrx_word' id='word_1_134' title='bbox 817 2864 978 2924; x_wconf 82' lang='lat' dir='ltr'><strong>beneficia</strong></span> 
     </span>
     <span class='ocr_line' id='line_1_26' title="bbox 183 2961 978 3041; baseline -0.001 -19"><span class='ocrx_word' id='word_1_135' title='bbox 183 2979 211 3021; x_wconf 75' lang='lat'><strong>25</strong></span> <span class='ocrx_word' id='word_1_136' title='bbox 221 2964 298 3024; x_wconf 90' lang='lat' dir='ltr'><strong>olim</strong></span> <span class='ocrx_word' id='word_1_137' title='bbox 313 2963 437 3024; x_wconf 92' lang='lat' dir='ltr'><strong>indulta</strong></span> <span class='ocrx_word' id='word_1_138' title='bbox 451 2964 610 3041; x_wconf 91' lang='lat' dir='ltr'><strong>patribus:</strong></span> <span class='ocrx_word' id='word_1_139' title='bbox 626 2963 703 3023; x_wconf 84' lang='lat' dir='ltr'><strong>iecit</strong></span> <span class='ocrx_word' id='word_1_140' title='bbox 713 2961 834 3022; x_wconf 88' lang='lat' dir='ltr'><strong>diversi</strong></span> <span class='ocrx_word' id='word_1_141' title='bbox 844 2961 978 3038; x_wconf 86' lang='lat' dir='ltr'><strong>generis</strong></span> 
     </span>
     <span class='ocr_line' id='line_1_27' title="bbox 221 3058 978 3138; baseline -0.001 -18"><span class='ocrx_word' id='word_1_142' title='bbox 221 3078 355 3138; x_wconf 84' lang='lat' dir='ltr'><strong>organa3</strong></span> <span class='ocrx_word' id='word_1_143' title='bbox 370 3061 514 3137; x_wconf 89' lang='lat' dir='ltr'><strong>psalmos</strong></span> <span class='ocrx_word' id='word_1_144' title='bbox 529 3060 638 3135; x_wconf 89' lang='lat' dir='ltr'><strong>edidit,</strong></span> <span class='ocrx_word' id='word_1_145' title='bbox 654 3070 686 3119; x_wconf 92' lang='lat' dir='ltr'><strong>et</strong></span> <span class='ocrx_word' id='word_1_146' title='bbox 700 3059 821 3120; x_wconf 91' lang='lat' dir='ltr'><strong>cantari</strong></span> <span class='ocrx_word' id='word_1_147' title='bbox 836 3058 978 3120; x_wconf 90' lang='lat' dir='ltr'><strong>instituit</strong></span> 
     </span>
     <span class='ocr_line' id='line_1_28' title="bbox 221 3156 979 3234; baseline -0.001 -16"><span class='ocrx_word' id='word_1_148' title='bbox 221 3175 295 3219; x_wconf 91' lang='lat' dir='ltr'><strong>curn</strong></span> <span class='ocrx_word' id='word_1_149' title='bbox 318 3159 453 3220; x_wconf 90' lang='lat' dir='ltr'><strong>laetitia:</strong></span> <span class='ocrx_word' id='word_1_150' title='bbox 482 3159 602 3219; x_wconf 88' lang='lat' dir='ltr'><strong>cecinit</strong></span> <span class='ocrx_word' id='word_1_151' title='bbox 630 3168 662 3218; x_wconf 88' lang='lat' dir='ltr'><strong>et</strong></span> <span class='ocrx_word' id='word_1_152' title='bbox 689 3158 760 3234; x_wconf 88' lang='lat' dir='ltr'><strong>ipse</strong></span> <span class='ocrx_word' id='word_1_153' title='bbox 787 3156 979 3234; x_wconf 86' lang='lat' dir='ltr'><strong>frequenter</strong></span> 
     </span>
     <span class='ocr_line' id='line_1_29' title="bbox 220 3254 978 3333; baseline -0.001 -18"><span class='ocrx_word' id='word_1_154' title='bbox 220 3256 253 3316; x_wconf 95' lang='lat' dir='ltr'><strong>in</strong></span> <span class='ocrx_word' id='word_1_155' title='bbox 276 3256 408 3332; x_wconf 87' lang='lat' dir='ltr'><strong>cithara,</strong></span> <span class='ocrx_word' id='word_1_156' title='bbox 430 3255 570 3333; x_wconf 88' lang='lat' dir='ltr'><strong>Spiritus</strong></span> <span class='ocrx_word' id='word_1_157' title='bbox 592 3255 695 3315; x_wconf 93' lang='lat' dir='ltr'><strong>sancti</strong></span> <span class='ocrx_word' id='word_1_158' title='bbox 715 3254 844 3315; x_wconf 84' lang='lat' dir='ltr'><strong>afflatus</strong></span> <span class='ocrx_word' id='word_1_159' title='bbox 859 3255 978 3332; x_wconf 86' lang='lat' dir='ltr'><strong>gratia3</strong></span> 
     </span>
     <span class='ocr_line' id='line_1_30' title="bbox 220 3352 976 3430; baseline 0 -17"><span class='ocrx_word' id='word_1_160' title='bbox 220 3353 329 3414; x_wconf 91' lang='lat' dir='ltr'><strong>docuit</strong></span> <span class='ocrx_word' id='word_1_161' title='bbox 350 3353 505 3430; x_wconf 90' lang='lat' dir='ltr'><strong>populum</strong></span> <span class='ocrx_word' id='word_1_162' title='bbox 529 3354 628 3414; x_wconf 89' lang='lat' dir='ltr'><strong>Israel</strong></span> <span class='ocrx_word' id='word_1_163' title='bbox 652 3362 719 3413; x_wconf 88' lang='lat' dir='ltr'><strong>toto</strong></span> <span class='ocrx_word' id='word_1_164' title='bbox 748 3352 846 3412; x_wconf 91' lang='lat' dir='ltr'><strong>corde</strong></span> <span class='ocrx_word' id='word_1_165' title='bbox 869 3353 976 3413; x_wconf 89' lang='lat' dir='ltr'><strong>Deum</strong></span> 
     </span>
     <span class='ocr_line' id='line_1_31' title="bbox 182 3449 978 3526; baseline 0.003 -18"><span class='ocrx_word' id='word_1_166' title='bbox 182 3451 367 3511; x_wconf 83' lang='lat' dir='ltr'><strong>aclaudare:</strong></span> <span class='ocrx_word' id='word_1_167' title='bbox 397 3461 428 3510; x_wconf 89' lang='lat' dir='ltr'><strong>et</strong></span> <span class='ocrx_word' id='word_1_168' title='bbox 449 3468 505 3510; x_wconf 93' lang='lat' dir='ltr'><strong>ore</strong></span> <span class='ocrx_word' id='word_1_169' title='bbox 532 3467 678 3511; x_wconf 91' lang='lat' dir='ltr'><strong>consono</strong></span> <span class='ocrx_word' id='word_1_170' title='bbox 699 3449 815 3510; x_wconf 91' lang='lat' dir='ltr'><strong>diebus</strong></span> <span class='ocrx_word' id='word_1_171' title='bbox 837 3449 978 3526; x_wconf 87' lang='lat' dir='ltr'><strong>singuiis</strong></span> 
     </span>
    </p>
   </div>
   <div class='ocr_carea' id='block_1_10' title="bbox 219 3548 978 3694">
    <p class='ocr_par' dir='ltr' id='par_1_10' title="bbox 219 3548 978 3694">
     <span class='ocr_line' id='line_1_32' title="bbox 219 3548 978 3626; baseline 0.001 -19"><span class='ocrx_word' id='word_1_172' title='bbox 219 3548 414 3608; x_wconf 89' lang='lat' dir='ltr'><strong>benedicere</strong></span> <span class='ocrx_word' id='word_1_173' title='bbox 423 3558 455 3609; x_wconf 90' lang='lat' dir='ltr'><strong>et</strong></span> <span class='ocrx_word' id='word_1_174' title='bbox 465 3548 661 3626; x_wconf 88' lang='lat' dir='ltr'><strong>praedicare.</strong></span> <span class='ocrx_word' id='word_1_175' title='bbox 682 3548 716 3608; x_wconf 92' lang='lat' dir='ltr'><strong>Si</strong></span> <span class='ocrx_word' id='word_1_176' title='bbox 727 3548 978 3624; x_wconf 83' lang='lat' dir='ltr'><strong>tantaagebatur</strong></span> 
     </span>
     <span class='ocr_line' id='line_1_33' title="bbox 584 3653 611 3694; baseline 0 0"><span class='ocrx_word' id='word_1_177' title='bbox 584 3653 611 3694; x_wconf 78' lang='lat' dir='ltr'><strong>or</strong></span> 
     </span>
    </p>
   </div>
   <div class='ocr_carea' id='block_1_11' title="bbox 0 0 1074 4196">
    <p class='ocr_par' dir='ltr' id='par_1_11' title="bbox 0 0 1074 4196">
     <span class='ocr_line' id='line_1_34' title="bbox 0 0 1074 4196; baseline 0 0"><span class='ocrx_word' id='word_1_178' title='bbox 0 0 1074 4196; x_wconf 95' lang='lat' dir='ltr'><strong> </strong></span> 
     </span>
    </p>
   </div>
  </div>
 </body>
</html>
