2138 4196
71 472 359 527 mmm
427 473 485 515 1111
554 469 835 524 mm

72 624 193 683 purus:
215 606 306 665 nullo
322 603 453 679 proprio
471 605 642 664 commodo
657 604 709 664 vel
724 620 835 663 amore

73 704 269 782 permixtus,
322 702 441 762 Nonne
471 718 587 761 omnes
618 700 834 762 mercennarii

74 813 153 863 sunt
182 800 330 874 dicendi3
359 799 413 876 qui
442 799 683 860 consolationes
706 815 837 875 semper

74 899 266 977 quaerunt?
316 897 434 957 Nonne
463 907 624 958 amatores
654 897 704 957 sui
734 897 837 974 magis

75 1015 175 1074 quam
199 995 325 1058 Christi
357 995 550 1071 probantur;
579 995 634 1072 qui
664 1012 723 1055 sua
751 1008 860 1055 com-⁵

75 1096 174 1155 moda
196 1103 229 1154 et
250 1094 340 1152 lucra
362 1108 493 1168 semper
515 1092 738 1152 meditantur?
774 1092 836 1152 Vbi

75 1191 267 1252 invenietur
294 1190 384 1266 talis3
416 1190 470 1266 qui
503 1189 581 1250 velit
611 1191 681 1250 Deo
712 1189 838 1249 servire

75 1288 206 1366 gratis?
256 1288 340 1347 Raro
371 1286 538 1347 invenitur
565 1296 630 1346 tam
659 1286 838 1363 spiritualis

75 1385 215 1462 aliquis:
244 1385 299 1462 qui
323 1384 475 1444 omnibus
497 1384 539 1444 sit
561 1385 711 1445 nudatus.
754 1384 837 1444 Nam

76 1501 195 1544 verum
228 1499 405 1559 pauperem
437 1482 572 1558 spiritu,
608 1492 640 1542 et
675 1483 714 1541 ab
750 1481 875 1541 omnito

78 1591 230 1640 creatura
251 1580 375 1639 nudum
405 1579 478 1656 quis
505 1579 678 1640 inveniet?
721 1580 838 1639 Procul

78 1680 176 1739 etde
205 1678 329 1738 ultimis
352 1677 489 1752 finibuS‚
517 1677 657 1753 pretium
680 1677 762 1737 eius.
805 1676 838 1737 Si

78 1775 208 1836 dederit
230 1777 328 1835 homo
350 1792 482 1835 omnem
500 1774 714 1835 substantiam
736 1790 840 1848 suam,

78 1874 187 1933 adhuc
203 1872 285 1931 nihil
301 1881 367 1932 est:
388 1871 462 1931 etsi
479 1871 594 1932 iecerit
609 1871 839 1948 paenitentiam

79 1987 231 2046 magnam
260 1970 365 2029 adhuc
395 1969 547 2045 exiguum
578 1979 642 2044 est,
671 1979 702 2029 et
731 1968 758 2028 si
787 1986 840 2044 ap·
852 1986 877 2026 15

79 2067 293 2144 prehenderit
304 2083 434 2127 omnem
446 2065 617 2126 scientiam
628 2066 734 2125 adhuc
745 2066 840 2142 longe

80 2176 149 2225 est:
174 2175 207 2225 et
228 2165 256 2224 si
279 2164 428 2226 habuerit
450 2163 603 2224 virtutem
626 2181 785 2240 magnam,
810 2173 841 2223 et

80 2262 290 2322 devotionem
313 2260 413 2320 nimis
432 2261 617 2337 ardentem3
639 2261 744 2320 adhuc
760 2261 841 2320 mul·

80 2370 152 2419 tum
168 2360 229 2419 sibi
241 2360 349 2419 deest:
365 2357 491 2418 scilicet
502 2375 603 2418 unum
615 2359 702 2435 quod
712 2376 841 2418 summe

81 2457 145 2516 sibi
175 2455 399 2516 necessarium
430 2465 489 2514 est.
534 2454 622 2532 Quid
651 2455 758 2516 illud?
799 2456 878 2516 Vtao

82 2554 238 2615 omnibus
254 2554 376 2614 relictis
392 2571 429 2613 se
445 2554 606 2630 relinquat
621 2563 653 2614 et
674 2572 692 2614 a
711 2572 748 2614 se
764 2565 841 2616 tota-

82 2654 159 2714 liter
187 2661 295 2713 exeat:
327 2651 475 2728 nihilque
507 2652 547 2711 de
576 2651 700 2727 privato
732 2669 842 2712 amore

82 2751 232 2810 retineat.
284 2749 438 2825 Cumque
469 2748 578 2808 omnia
614 2749 728 2809 lecerit
759 2766 841 2826 quae

83 2847 234 2908 iacienda
262 2847 406 2922 noverit,
435 2847 480 2908 nil
503 2863 540 2906 se
565 2846 686 2907 fecisse
707 2846 841 2906 sentiat:

83 2962 150 3006 non
172 2945 293 3022 grande
315 2945 474 3020 ponderet
497 2945 582 3020 quod
604 2944 725 3020 grande
747 2944 878 3004 sesti-25

83 3042 165 3102 mari
188 3042 308 3118 possit3
338 3042 396 3102 sed
424 3040 458 3100 in
480 3041 616 3101 veritate
639 3057 772 3100 servum
795 3041 842 3100 in·

84 3141 199 3201 utilem
227 3156 263 3199 se
293 3139 496 3215 pronuntiet:
526 3139 610 3198 sicut
631 3138 761 3199 Veritas
790 3139 842 3199 ait.

84 3239 172 3301 Cum
190 3237 335 3298 feceritis
351 3236 460 3296 omnia
474 3253 557 3313 quae
573 3245 745 3312 praecepta
766 3247 843 3296 sunt

84 3335 195 3396 vobis:
217 3334 326 3410 dicite,
341 3333 428 3394 servi
445 3333 578 3394 inutiles
594 3351 718 3393 sumus.
751 3332 842 3394 Tunc

84 3450 163 3493 vere
178 3449 302 3510 pauper
317 3442 349 3491 et
364 3431 471 3490 nudus
486 3430 602 3506 spiritu
618 3447 693 3490 esse
708 3430 841 3506 poterit:
851 3450 878 3491 ao

84 3540 116 3591 et
138 3547 212 3590 cum
235 3529 394 3605 propheta
415 3528 534 3588 dicere.
571 3527 658 3604 Quia
678 3527 795 3587 unicus
811 3538 842 3588 et

122 3635 214 3676 Thomu
224 3646 238 3675 a
248 3634 277 3677 K.
288 3631 373 3686 Opera.
390 3631 418 3674 11.
450 3633 474 3673 81
721 3632 735 3672 6
