2156 4168
374 474 539 528 Epllegomena.

62 607 835 685 'scripsissesemicolon(;)itemquepr0puncto

37 665 154 749 *ante
176 689 333 749 minutam
362 688 501 748 litteram
524 688 683 765 virgulam
691 687 725 763 (,)
747 695 780 746 et
801 685 834 747 in

76 769 146 830 line
174 768 415 829 enuntiatorum
438 778 513 828 ante
536 769 708 844 grandem,
738 767 835 826 etiam

75 850 134 910 ubi
150 848 219 908 inA
236 849 329 910 deest
341 852 359 923 ¹,
375 848 613 924 aequabilitatis
628 865 726 908 causa
736 864 836 923 punc·

76 940 159 991 tum.
210 929 331 991 Cetera
361 946 457 1006 quam
494 928 702 1005 paucissimis
733 937 836 987 trans·

76 1027 188 1087 rgam..

122 1106 198 1166 lnA
222 1105 324 1165 minio
345 1105 466 1182 scripta
487 1105 642 1182 itemque,
663 1105 739 1165 licet
760 1103 834 1164 inA

77 1195 210 1264 praeter
224 1186 345 1262 primas
361 1186 601 1246 enuntiatorum
624 1185 748 1245 litteras
768 1201 836 1244 om-

77 1267 135 1326 nia
149 1266 381 1326 vocabulorum
392 1265 551 1342 principia
563 1265 697 1326 minutis
709 1274 837 1325 exarata

77 1347 156 1421 sint,
171 1346 303 1406 nomina
318 1346 448 1422 propria
459 1346 728 1423 reverentiaeque
739 1361 838 1405 causa

78 1428 120 1487 ad
132 1443 253 1486 numen
264 1427 411 1486 divinum
422 1427 627 1502 pertinentia,
642 1425 750 1503 qualia
760 1435 837 1485 sunt

78 1506 201 1576 Deitas,
223 1507 318 1576 Deus,
334 1505 500 1577 Dominus,
515 1506 628 1577 Filius,
643 1507 746 1576 Pater,
766 1504 838 1566 Sol·

78 1591 182 1656 votor,
191 1585 329 1661 Spiritus
335 1591 477 1657 sanctus,
490 1584 626 1646 Trinitas
633 1586 703 1646 rell.
711 1586 838 1662 grandi·

78 1669 143 1726 bus
162 1667 341 1726 litterarum
358 1666 472 1726 formis
487 1667 702 1727 describenda
717 1666 839 1740 curavi,

79 1756 260 1807 atramento
275 1747 405 1822 scripta,
419 1747 533 1807 subter
547 1764 630 1823 quae
645 1747 732 1806 linea
742 1746 839 1806 rubra

79 1828 177 1887 ducta
199 1837 264 1901 est,
293 1827 492 1902 inclinatist,
521 1844 604 1903 quae
632 1844 692 1904 ego
721 1826 839 1901 addidi,

81 1907 214 1966 uncinis
235 1907 371 1967 inclusa.

124 2003 197 2063 Huc
219 2004 360 2080 pertinet
387 2004 501 2064 titulus
530 2021 662 2082 quoque
687 2013 840 2081 quattuor

81 2083 261 2160 primorum
271 2086 839 2161 tractatuumnuncvulgoreceptus:

81 2165 130 2224 De
151 2164 332 2223 imitatione
348 2163 465 2224 Christi
486 2165 560 2224 libri
577 2165 641 2224 llll.
678 2164 761 2224 Nam
785 2180 840 2222 ne·
914 2223 919 2238 ,

82 2261 148 2320 que
169 2243 202 2303 in
224 2243 250 2303 A
273 2261 381 2321 neque
409 2245 443 2304 in
468 2245 635 2305 codicibus
657 2243 839 2304 vetustissi-

82 2324 147 2384 mis
178 2333 266 2384 certa
299 2325 457 2400 temporis
488 2335 563 2384 nota
593 2323 756 2385 distinctis
786 2334 840 2384 aut

82 2405 197 2465 titulus
211 2405 266 2464 ille
276 2404 438 2480 generalis
449 2414 504 2464 aut
514 2405 716 2482 singulorum
727 2413 840 2463 tracta·

82 2494 175 2545 tuum
198 2484 342 2545 numeri:
368 2485 506 2559 pomus,
528 2485 696 2555 secundus,
719 2484 840 2554 tertius,

83 2569 239 2640 quanust
260 2565 476 2640 reperiuntur,
499 2574 531 2624 et
552 2566 585 2625 in
600 2565 771 2641 permultis
789 2581 841 2623 co·

84 2644 212 2704 dicibus
226 2661 293 2722 non
315 2644 378 2704 nisi
401 2645 520 2722 singuli
542 2656 667 2706 tantum
687 2654 841 2705 tractatus

83 2725 239 2801 pluresve
261 2726 362 2785 multa
384 2725 522 2801 copulati
545 2725 700 2785 varietate
723 2735 840 2785 extant.

85 2805 132 2863 Ex
148 2821 212 2880 quo
233 2804 413 2880 coniicitur,
435 2805 467 2865 id
483 2806 569 2882 quod
585 2815 739 2866 tractatus
754 2805 840 2865 tertii

85 2895 117 2945 et
140 2885 244 2960 quarti
269 2885 303 2944 in
325 2884 351 2944 A
375 2885 598 2945 conlocatione
621 2894 717 2962 atque
746 2885 840 2960 spatii

85 2964 291 3040 separatione
313 2965 536 3041 confirmatur,
566 2975 601 3025 ut
623 2974 774 3043 quattuor
795 2965 841 3024 illi

84 3054 240 3105 tractatus
262 3045 367 3120 primo
390 3062 429 3104 ex
451 3063 487 3105 se
509 3045 590 3122 ipsis
606 3045 669 3121 apti
688 3045 841 3121 paulatim

82 3313 83 3316 Ἰ
127 3253 137 3280 ¹
151 3252 205 3295 Vide
220 3266 290 3306 supra
304 3266 327 3307 p.
342 3255 382 3295 448
392 3267 427 3308 sq.

83 3329 85 3333 '
127 3325 137 3350 ²
153 3323 198 3376 152,
213 3345 223 3372 a
237 3336 278 3377 pro
294 3323 359 3366 lESV
374 3325 545 3366 describendum
561 3333 606 3366 erat
621 3325 678 3368 lesa.

128 3395 136 3422 ³
157 3394 259 3435 Primum
284 3395 322 3436 illa
350 3407 494 3437 numerorum
519 3397 651 3449 designatio
667 3395 722 3437 mihi
747 3397 844 3437 occurrit

86 3451 109 3490 in
131 3448 207 3489 codice
227 3447 355 3490 Monacensi
375 3447 428 3489 Clm
447 3448 501 3490 7842
522 3462 580 3490 anno
601 3448 651 3490 1437
670 3462 681 3491 e
701 3451 768 3502 paulo
790 3451 844 3490 anti-

85 3500 309 3608 ἓῒιίἕέἓιΜοηαοεηεί
325 3501 377 3543 Clm
388 3502 441 3543 7830
455 3503 581 3554 descript03
596 3502 638 3545 cir.
654 3504 707 3545 Poltt
717 3503 843 3546 Hondsclrr.

124 3635 218 3676 Thomna
228 3646 241 3674 a
252 3634 279 3677 K.
290 3633 375 3687 Opera.
391 3633 421 3676 11.
446 3634 484 3675 481
711 3636 735 3676 31
