2138 4196
80 467 839 524 &mmmmm

82 609 112 660 et
133 602 196 660 hoc
219 600 283 661 cito
307 618 366 677 per
389 602 626 679 neglegentiam
649 603 837 664 amittimus.

82 697 185 774 Saepe
207 699 306 759 etiam
328 717 394 760 non
419 701 635 762 advertimus:
664 702 750 779 quod
772 712 837 763 tam

81 796 167 856 caeci
191 797 280 856 intus
303 815 427 858 sumus.
461 797 567 875 Saepe
588 800 673 860 male
695 799 837 876 agimus:

81 904 111 954 et
132 894 228 969 peius
251 911 456 956 excusamus.
493 896 652 956 Passione
673 897 836 958 interdum

82 1011 267 1055 movemur:
291 1006 322 1056 et
344 996 450 1054 zelum
473 1005 635 1071 putamus,
678 997 783 1056 Parva
803 997 860 1056 ins

81 1093 152 1154 aliis
184 1093 474 1168 reprehendimus:
511 1103 543 1154 et
574 1104 684 1155 nostra
716 1095 837 1156 maiora

81 1191 328 1266 pertransimus,
384 1191 471 1252 Satis
507 1192 570 1253 cito
606 1193 767 1254 sentimus
805 1205 837 1254 et

81 1288 300 1363 ponderamus
330 1289 407 1366 quid
439 1291 478 1350 ab
509 1290 581 1350 aliis
617 1291 836 1352 sustinemus:

80 1386 138 1445 sed
160 1397 317 1463 quantum
340 1387 393 1447 alii
417 1387 457 1448 de
472 1388 567 1448 nobis
585 1388 749 1450 sustinent
771 1405 835 1448 non

80 1483 291 1544 advertimus.
327 1483 392 1562 Qui
415 1485 499 1545 bene
522 1496 553 1546 et
575 1497 664 1547 recte
684 1504 743 1547 sua
758 1504 835 1562 pon·
848 1505 873 1548 to

79 1581 224 1642 deraret:
247 1599 312 1641 non
335 1592 424 1643 esset
446 1583 532 1659 quod
548 1583 588 1643 de
610 1584 673 1644 alio
695 1584 837 1662 graviter

82 1679 250 1740 iudicaret.
267 1679 418 1740 Internus
429 1681 537 1756 homo,
547 1681 598 1741 sui
610 1681 714 1757 ipsius
725 1699 836 1742 curam

80 1777 233 1837 omnibus
249 1777 337 1836 curis
352 1778 528 1854 anteponit.
558 1779 596 1838 Et
611 1779 666 1855 qui
689 1779 750 1839 sibi
773 1778 835 1856 ipsi

79 1875 253 1952 diligenter
267 1874 420 1936 intendit:
444 1875 583 1936 faciliter
597 1876 637 1936 de
652 1877 725 1937 aliis
741 1887 835 1939 tacet.

80 1973 268 2050 Numquam
291 1972 356 2032 eris
377 1973 526 2033 internus
548 1984 581 2033 et
595 1974 749 2035 devotus:
771 1975 834 2036 nisi
846 1995 872 2036 rs

79 2071 119 2131 de
142 2071 260 2132 alienis
275 2070 417 2146 silueris,
438 2081 470 2131 et
485 2071 524 2131 ad
539 2082 571 2132 te
586 2072 694 2148 ipsum
712 2072 835 2148 specia-

78 2168 153 2229 liter
175 2168 371 2243 respexeris
414 2168 448 2229 Si
470 2169 527 2230 tibi
550 2180 582 2230 et
602 2171 674 2231 Deo
695 2171 837 2232 totaliter

79 2265 239 2326 intendis:
261 2266 425 2327 modicum
440 2277 473 2326 te
488 2268 632 2328 movebit
647 2269 733 2345 quod
755 2268 835 2329 loris

78 2363 232 2439 percipis.
256 2362 319 2424 Vbi
336 2379 372 2423 es
387 2365 516 2441 quando
530 2365 588 2424 tibi
604 2365 666 2441 ipsi
678 2382 835 2441 praesens

78 2460 232 2520 nones?
275 2459 313 2520 Et
335 2461 464 2537 quando
493 2463 603 2522 omnia
627 2463 871 2539 percurristi320

79 2558 155 2633 quid
185 2569 217 2618 te
247 2559 396 2636 neglecto
426 2558 622 2634 proiecisti?
671 2561 705 2622 Si
734 2561 835 2621 debes

78 2656 200 2716 habere
215 2672 329 2732 pacem
346 2665 378 2716 et
392 2656 548 2717 unionem
563 2675 692 2734 veram3
709 2668 835 2733 oportet

78 2754 164 2830 quod
179 2763 284 2814 totum
300 2754 405 2813 adhuc
420 2763 612 2830 postponas:
633 2766 666 2816 et
680 2766 712 2816 te
728 2756 834 2816 solum

77 2868 153 2926 prae
170 2851 277 2911 oculis
292 2852 422 2911 habeas.
452 2851 593 2912 Multum
611 2853 747 2928 proinde
762 2870 834 2929 pro·

78 2948 186 3009 ficies:
209 2948 238 3009 si
260 2959 293 3008 te
316 2949 466 3009 feriatum
491 2950 529 3008 ab
552 2950 639 3009 omni
664 2951 870 3027 temporalias

77 3062 154 3106 cura
177 3062 368 3107 conserves,
410 3046 513 3108 Valde
542 3047 692 3108 delicies:
721 3049 749 3108 si
778 3050 834 3109 ali·

77 3144 153 3220 quid
171 3144 354 3219 temporale
369 3144 581 3219 reputaveris.
611 3145 665 3205 Nil
681 3163 832 3223 magnum

76 3240 120 3300 nil
143 3242 264 3316 altum,
292 3241 338 3302 nil
360 3252 486 3318 gratum
515 3242 560 3302 nil
585 3253 753 3318 acceptum
774 3245 832 3306 tibi

77 3337 131 3398 sit:
146 3339 212 3398 nisi
229 3355 311 3414 pure
322 3338 414 3398 Deus
429 3349 483 3399 aut
498 3339 538 3399 de
549 3339 620 3399 Deo
636 3339 688 3400 sit.
716 3339 832 3402 Totum

78 3451 196 3497 vanum
225 3435 393 3496 existima:
422 3436 578 3513 quidquid
600 3439 869 3500 consolationisao

80 3533 258 3593 occurrerit
289 3533 330 3592 de
364 3533 471 3611 aliqua
501 3545 658 3596 creatura.
709 3533 833 3597 Amans

443 3638 470 3680 ot
697 3639 727 3680 5·
