2156 4168
533 436 698 490 Epllegomena.

238 569 412 630 habilitatis
423 569 578 645 speciem,
592 578 700 630 tamen
711 568 889 646 quominus
900 569 995 644 plane

239 650 403 710 adsentiar
417 649 537 725 duplici
554 650 729 724 prohibeor
743 649 917 724 scrupulo:
934 650 995 708 De·

240 739 308 792 erat
322 730 355 789 in
371 730 483 790 codice
498 729 705 805 subscriptio,
723 738 920 790 tractatuum
936 747 994 788 nec
1058 745 1063 820 ἐ

239 826 396 871 numerus
427 811 544 886 plenus
575 819 643 870 erat
674 819 706 869 et
734 810 812 869 ordo
842 818 994 870 mutatus.
1061 827 1062 836 ¹

240 891 304 952 Sed
326 899 397 950 utut
419 907 472 950 res
488 890 594 965 habet,
615 890 738 950 nullius
753 890 911 950 momenti
930 899 996 964 est3

239 987 313 1031 nam
330 981 361 1031 et
377 971 581 1047 Rosweydus
596 971 736 1030 eundem
754 970 865 1046 [atque
879 968 920 1046 Α]
939 987 996 1046 per

239 1051 347 1112 omnia
378 1058 564 1111 contextum
597 1050 701 1110 fuisse
729 1050 862 1111 disertis
886 1050 996 1111 verbis

238 1125 391 1205 testatur,
419 1148 527 1206 neque
548 1130 640 1190 illum
669 1129 701 1190 id
731 1131 812 1190 laiso
840 1139 994 1190 testatum
1063 1179 1064 1182 ,

239 1211 480 1305 essetarbitror
508 1210 574 1271 ullo
605 1210 702 1271 modo
733 1227 831 1287 posse
863 1210 995 1270 demon·

239 1301 428 1445 Strgilonim,
436 1371 638 1448 inquies,isti
647 1371 829 1432 sententiae
839 1370 996 1448 frequens

239 1452 418 1512 editionum
429 1451 720 1511 Sommalianarum
737 1450 814 1511 abA
831 1451 996 1511 dissensio

240 1533 354 1592 obstat.
377 1530 495 1606 Audio,
510 1532 569 1591 sed
580 1548 651 1591 eam
662 1531 889 1591 difficultatem
903 1532 996 1591 facile

240 1611 997 1673 sublatumiriconiido.EtenimSommaliumab
1065 1674 1066 1700 ¹

239 1692 264 1752 Α
281 1693 503 1753 discedentem
520 1692 714 1768 saepissime
730 1708 803 1752 cum
815 1690 997 1753 Ascensio¹

239 1774 283 1832 ita
305 1772 492 1832 consentire
513 1773 696 1848 observavi,
717 1781 753 1832 ut
774 1781 829 1832 aut
846 1773 937 1832 bunc
958 1790 997 1832 ex

239 1854 295 1913 illo
305 1854 459 1929 pendere,
474 1863 529 1912 aut
538 1863 714 1929 utrumque
725 1870 764 1913 ex
777 1854 895 1913 eodem
908 1853 996 1913 lonte

240 1934 391 1994 hausisse
414 1933 647 1992 concludamus
669 1950 807 1993 necesse
830 1933 882 1994 sit.

280 2013 429 2090 Quorum
446 2022 553 2073 utrum
570 2014 690 2073 iactum
706 2023 869 2089 putemus,
885 2030 996 2090 quam·

239 2112 335 2170 quam
358 2093 511 2154 evincere
533 2093 644 2153 multis
673 2093 920 2154 difficultatibus
942 2095 997 2152 ob·

239 2183 397 2235 structum
428 2182 560 2233 estnec
588 2174 652 2233 nisi
675 2174 802 2234 duobus
827 2173 997 2234 codicibus

239 2254 450 2331 quibusdam,
478 2270 545 2313 uno
569 2253 799 2329 Gandavensi,
828 2255 947 2329 altero,
968 2254 996 2314 si

239 2335 371 2410 quidem
393 2351 547 2409 umquam
571 2334 631 2394 luit
646 2344 678 2395 et
693 2335 798 2394 adhuc
814 2345 874 2409 est,
897 2334 997 2395 Sues-

239 2415 384 2475 sionensi
421 2414 558 2474 conlatis
593 2414 733 2491 perspici
768 2415 997 2491 explorarique

238 2495 366 2571 poterit,
388 2495 419 2554 id
441 2495 527 2570 quod
550 2512 590 2554 ex
604 2504 695 2570 parte
710 2504 799 2555 certe
813 2495 909 2555 nobis
932 2496 996 2555 iam

239 2576 468 2651 investigatum
497 2574 531 2633 in
559 2575 727 2635 volumine
748 2585 880 2650 octavo,
908 2576 997 2652 quod

239 2656 279 2716 de
301 2655 367 2715 vita
388 2664 420 2714 et
441 2654 572 2730 scriptis
593 2654 738 2716 Thomae
767 2656 912 2716 futurum
936 2665 998 2730 est,

238 2753 410 2812 speramus
439 2735 509 2794 iore
536 2744 570 2795 ut
596 2736 778 2811 legentibus
800 2736 997 2812 persuadea-

238 2833 323 2890 mus,
338 2823 445 2875 tamen
460 2815 524 2874 iam
540 2832 627 2874 nunc
642 2833 700 2891 pro
717 2826 805 2877 certo
822 2816 998 2877 adfirmare

238 2913 431 2972 possumus,
458 2895 633 2956 editionem
663 2894 900 2957 Ascensianam
930 2915 998 2956 ma·

238 2992 334 3053 gnam
344 2985 466 3052 partem
476 2985 582 3051 aptam
591 2993 715 3036 esseex
724 2977 997 3054 Norimbergensi

279 3210 288 3238 ¹
308 3208 380 3262 Opera
401 3210 495 3252 Tliomac
515 3221 529 3251 a
549 3209 637 3263 Campis
658 3213 800 3263 cognomento
817 3210 934 3262 Malleoli,
955 3213 998 3254 vin'

236 3263 368 3316 pientissimi
388 3265 410 3305 δ’
429 3263 587 3316 religiosissimi
603 3265 642 3305 sub
661 3263 750 3306 Conone
768 3264 815 3305 diui
830 3266 903 3316 patris
923 3265 997 3318 Augu·

238 3317 300 3367 stini,
315 3319 381 3358 aucta
396 3319 418 3358 dr
432 3317 559 3369 diligentias
578 3318 704 3370 recognita,
722 3329 807 3370 suaque
823 3319 881 3360 serie
900 3320 996 3371 reposita

239 3373 262 3412 vt
276 3371 298 3411 in
318 3371 382 3412 baias
398 3371 484 3422 patebit
503 3373 576 3422 largo.-
595 3371 680 3412 Prelam
697 3371 863 3414 Ascensianam.
896 3373 997 3414 Vaenan-

238 3425 320 3465 dantur
333 3423 411 3465 lodoco
424 3424 495 3466 Badio
509 3423 621 3467 Asoeaslo.
646 3425 670 3466 ln
686 3424 729 3467 flne
744 3425 783 3466 iol.
795 3423 886 3466 CXCIl
902 3427 994 3478 legitur:

239 3477 257 3517 Ε
269 3477 440 3530 chalcographia
455 3480 529 3519 nostra
544 3479 574 3518 ad
583 3478 634 3520 lalus
643 3479 726 3521 lunias.
738 3477 858 3522 bellll.
870 3478 995 3533 [Parisiisl.

237 3530 269 3572 2⁰.
291 3529 304 3570 8
318 3538 339 3571 et
355 3531 389 3571 191
408 3529 469 3573 lolia.
485 3529 579 3583 [Baclrer
592 3531 653 3585 2893,
669 3532 752 3574 Fromm
765 3530 809 3585 m

597 3609 637 3654 474
