2156 4168
509 390 674 444 Epiiegomena.

258 523 367 584 Tertio
382 524 454 583 loco
467 541 541 583 meo
552 523 624 584 iure
635 542 757 600 ponere
767 524 847 584 mihi
859 523 980 585 videor

215 620 344 664 errores
366 604 524 679 plurimos
546 604 653 664 littera
668 606 689 664 h
704 605 788 665 male
803 605 902 665 modo
919 606 976 665 ad·

215 685 289 758 dita,
311 686 407 745 modo
429 685 552 746 omissa
574 685 778 746 commissos

254 783 275 842 h
290 782 412 843 addita:
428 782 668 843 abhominando
685 785 751 858 180,
765 799 801 858 21,
816 784 975 854 anchora,
1046 801 1052 882 1

214 863 332 934 archa,
363 863 560 934 archanum,
591 863 816 933 choruscacio,
849 863 975 923 habun-
1051 889 1052 906 1

213 944 349 1014 dancia,
371 943 614 1014 habundanter,
636 943 841 1013 habundare,
865 960 976 1018 super-

214 1025 418 1095 habundans,
441 1024 594 1084 heremita
608 1027 658 1099 36,
678 1041 716 1099 21,
730 1024 856 1084 heremo
872 1027 922 1100 30,
939 1043 975 1100 15,

215 1105 417 1175 iherusalem,
440 1104 557 1176 ihesus,
579 1104 708 1175 israhel,
730 1104 837 1175 michi,
861 1105 974 1176 nichil,

214 1185 345 1256 nichilo,
365 1185 532 1255 nichilum,
549 1184 742 1255 nichileitas,
757 1184 974 1257 adnichilare,

211 1266 394 1342 perhennis,
416 1265 546 1336 sathan,
568 1265 738 1336 sathanas,
760 1265 844 1324 thus.

254 1363 435 1456 homissa:
464 1362 578 1433 abilis,
607 1362 757 1456 abilitas,
786 1363 974 1435 carismata,
1051 1389 1052 1474 ,

214 1443 484 1584 &deflebam
498 1447 548 1520 44,
561 1460 598 1519 26,
613 1444 709 1504 scolis
722 1446 793 1518 221,
810 1460 844 1519 13,
860 1460 975 1520 ymnos

256 1569 381 1700 Q'uento
404 1621 476 1680 loco
498 1638 564 1680 non
593 1620 746 1681 inmerito
768 1621 832 1681 iam
855 1639 973 1699 seque-

215 1712 268 1763 tur
289 1719 427 1779 magnus
449 1702 461 1760 i
482 1710 556 1777 511)
584 1701 670 1761 inter
698 1719 735 1762 se
759 1703 972 1764 confusarum

215 1800 382 1843 numerus.

255 1880 267 1940 i
281 1897 339 1956 pro
353 1895 393 1955 y:
414 1880 609 1939 abissalibus
627 1882 692 1955 171,
708 1883 749 1955 1²,
764 1881 972 1958 apocalipsis,

212 1960 436 2036 gazophilacio
462 1963 527 2035 122,
548 1977 571 2035 s,
590 1959 661 2034 gira
686 1962 752 2036 172,
770 1967 828 2040 22³,
850 1963 972 2034 martir,

214 2041 401 2111 misterium,
423 2040 555 2111 mistice,
574 2041 777 2116 paraliticus.

252 2156 272 2214 y
293 2156 351 2214 pro
374 2139 405 2197 i:
432 2139 582 2213 cythara,
611 2138 830 2214 cystersienses
857 2143 971 2216 55,12,

212 2220 343 2295 dyaboli
366 2222 431 2293 116,
447 2235 480 2293 n,
495 2235 565 2293 eya,
581 2219 724 2293 hyemem
739 2221 788 2293 73,
801 2235 838 2295 23,
853 2219 971 2295 hylari-

213 2305 311 2360 tatem
324 2301 389 2374 187,
403 2304 445 2370 9⁴,
457 2298 615 2373 inhyabat
626 2303 691 2374 129,
705 2315 728 2374 2,
738 2299 840 2373 sydon
855 2304 920 2376 146,
934 2317 970 2376 21,

212 2395 323 2473 syrene
347 2381 419 2473 197,
440 2395 470 2454 s,
498 2383 643 2473 tyronem
661 2383 737 2454 210,
758 2395 789 2454 2,
815 2380 968 2454 ydoneus,

212 2475 433 2536 ymaginacim
461 2475 659 2534 ymagman,
689 2475 821 2536 ymago,
852 2477 968 2536 ymmo,

212 2556 357 2698 ymggrro
373 2654 454 2697 usus
468 2636 661 2713 litterarum,
675 2654 757 2713 quas
773 2638 883 2699 dicere
895 2657 968 2699 con·

214 2717 394 2793 suevimus,
407 2717 607 2777 sibilantium
617 2717 651 2776 in
662 2716 687 2776 Ᾱ
700 2718 862 2779 instabilis
872 2728 968 2797 atque

213 2799 360 2859 incertus
383 2807 442 2858 est.
485 2797 568 2857 Nam
598 2807 728 2873 praeter
748 2800 850 2859 eciam
873 2817 968 2876 quae·

214 2897 278 2956 que
307 2887 383 2938 sunt
414 2878 486 2938 eius
515 2877 646 2954 generis
678 2887 710 2938 et
738 2881 967 2955 cystersienses,
1051 2877 1052 2884 '

214 2961 255 3020 de
290 2959 409 3036 quibus
444 2975 543 3036 supra
576 2958 737 3036 diximus,
772 2961 837 3020 huc
873 2962 968 3038 perti-

214 3049 308 3100 nent:

213 3198 368 3205 -—-.....——-.

215 3345 225 3352 -
255 3291 633 3344 1Α1115102151151201111151111111111
651 3292 760 3344 seilptnm
776 3300 822 3333 est:
841 3294 893 3346 yni,
911 3293 966 3346 inis,

212 3355 275 3396 ynos.

254 3417 263 3442 ⁹
277 3415 386 3466 abyssalis
402 3414 449 3467 120,
463 3437 491 3463 ³1.
601 3416 732 3469 13111011αὲ1
745 3415 793 3472 201,
807 3438 835 3464 2³.

253 3485 263 3512 ⁴
277 3485 354 3526 hilaris
369 3484 402 3537 71,
417 3507 434 3532 1.

570 3563 610 3604 458
