2160 4194
225 443 266 494 &⁸
291 440 433 484 LIBELLVS
449 441 488 483 DE
504 439 680 484 olsclpllrtn
694 439 923 483 clavsrltnllvm
944 439 983 490 K&

227 574 337 651 lestis;
358 574 402 635 ibi
425 574 555 636 devotio
579 575 682 649 lloret,
703 573 747 634 ibi
770 573 867 634 lectio
890 571 983 648 sapit,

227 673 270 733 ibi
293 672 460 734 meditatio
483 671 659 734 dulcescit:
682 671 726 733 ibi
742 672 844 732 oratio
868 672 984 746 fervet,

227 770 270 829 ibi
286 770 461 847 gratiarum
477 770 560 830 actio
576 780 608 830 et
623 787 685 831 vox
701 769 806 830 laudis
818 778 984 842 resonant,

227 885 322 928 mens
343 867 473 944 iubilat3
501 867 545 928 ibi
570 867 758 928 intellectus
786 867 983 927 illustratur:
1056 899 1057 904 κ

203 967 270 1027 sibi
293 985 368 1028 caro
390 964 581 1040 marcescit,
610 975 641 1025 et
663 964 798 1041 spiritus
826 965 983 1025 elevatur.
1057 999 1058 1004 κ

227 1064 293 1141 Qui
309 1074 395 1125 amat
410 1062 626 1138 disciplinam,
647 1061 799 1122 laetilicat
813 1062 984 1122 conscien·
1059 1131 1060 1136 ἵ

227 1160 321 1237 tiam3
344 1161 484 1238 acquirit
500 1161 618 1221 bonam
635 1160 771 1221 famam:
793 1170 826 1221 et
846 1161 985 1237 adauget

226 1258 288 1318 sibi
300 1259 435 1335 gloriam
447 1270 624 1320 aeternam.
645 1257 781 1319 Amator
791 1256 985 1334 disciplinae

227 1357 369 1418 custodit
384 1375 421 1418 os
437 1375 551 1433 suum;
571 1356 697 1434 quaerit
712 1367 887 1432 secretum,
903 1355 986 1433 fugit

193 1455 413 1531 intumultum,
434 1455 513 1517 vitat
535 1455 649 1531 risum,
670 1455 773 1532 diligit
792 1455 928 1529 luctum,
951 1465 986 1514 ut

226 1551 372 1613 inveniat
388 1553 496 1613 lesum
513 1553 574 1613 sibi
590 1553 765 1630 propitium
784 1561 816 1612 et
830 1552 985 1612 amicum.

227 1649 293 1726 Qui
310 1660 400 1710 extra
410 1651 614 1727 disciplinam
627 1668 702 1711 esse
712 1649 849 1728 quaerit,
863 1649 985 1710 diaboli
1064 1662 1065 1682 ¹

226 1746 362 1822 laqueos
384 1746 537 1809 incurrit:
567 1757 599 1809 et
626 1747 832 1808 devotionem
862 1748 987 1808 mentis

227 1841 341 1918 perdit.

194 1963 218 2004 15
269 1939 305 1999 In
335 1940 439 2000 tribus
462 1941 543 2002 locis
570 1941 710 2003 libenter
731 1954 801 2003 esto
823 1960 897 2004 curn
923 1944 988 2004 lra-

227 2035 331 2098 tribus
362 2046 495 2113 propter
523 2055 730 2100 communem
760 2039 987 2116 disciplinam:

228 2133 260 2193 in
284 2136 384 2194 choro
399 2135 439 2195 ad
454 2136 670 2213 psallendum,
693 2137 725 2197 in
742 2139 824 2198 cella
842 2139 881 2199 ad
903 2139 989 2200 scri·
1068 2157 1069 2166 ¹

227 2232 371 2293 bendum
402 2242 433 2294 et
462 2234 652 2311 legendum:
681 2235 715 2295 in
744 2235 918 2296 refectorio
946 2238 987 2297 ad

227 2329 336 2389 sobrie
348 2331 585 2391 comedendum
596 2341 627 2392 et
636 2332 840 2393 verbumDei
850 2332 988 2394 audien-

191 2428 314 2490 zodum.
357 2428 563 2506 Vbicumque
595 2430 730 2491 verbum
761 2431 822 2491 Dei
854 2431 988 2508 legitur,

227 2524 270 2584 ibi
288 2524 428 2601 Spiritus
444 2536 579 2587 sanctus
593 2528 721 2587 occulte
737 2537 904 2605 operatur:
926 2531 986 2606 qui

228 2622 330 2681 malos
353 2622 392 2682 de
408 2633 542 2698 peccato
558 2624 731 2701 redarguit,
753 2634 785 2686 et
799 2625 902 2686 bonos
923 2644 989 2703 per

227 2737 319 2796 spem
336 2730 368 2781 et
383 2721 640 2782 consolationem
656 2723 889 2799 scripturarum
906 2740 988 2784 con·

228 2819 340 2879 fortat:
362 2828 397 2878 ut
418 2819 558 2895 amplius
579 2819 759 2896 proficiant,
788 2829 820 2881 et
840 2819 988 2897 discipli-

190 2934 300 2978 asnam
318 2917 441 2978 ordinis
458 2917 584 2978 fortiter
598 2927 739 2986 teneant.
763 2917 849 2976 Hinc
861 2917 988 2978 Paulus

227 3015 380 3075 admonet
391 3015 515 3075 dicens
532 3014 749 3090 indisciplina
759 3024 986 3090 perseverate:

227 3124 260 3173 et
289 3124 452 3189 tamquam
483 3112 560 3173 liliis
581 3112 675 3172 vobis
697 3111 793 3173 offert
821 3129 857 3172 se
880 3111 986 3172 Deus,

228 3210 315 3270 Hinc
338 3210 442 3270 David
465 3220 552 3286 orat,
573 3210 697 3271 dicens.
743 3210 926 3271 Bonitatem
951 3222 987 3272 et

227 3307 431 3384 disciplinam
462 3318 494 3368 et
522 3307 692 3368 scientiam
722 3308 803 3368 doce
831 3323 894 3366 me.
946 3307 986 3368 Et

190 3406 301 3466 soalibi
331 3406 468 3466 multum
492 3423 563 3466 eam
586 3405 820 3466 commendans
847 3404 900 3465 ait.
946 3406 986 3466 Et

226 3503 401 3581 disciplina
422 3513 476 3564 tua
498 3505 639 3564 correxit
661 3520 713 3564 me
735 3503 769 3564 in
792 3503 901 3564 linem.
946 3504 985 3564 Et

582 3607 624 3649 ²⁶⁸
967 3631 980 3678 t
