2146 4194
234 444 355 497 &m
425 444 464 486 DE
479 444 659 488 lMlTATIONE
674 443 799 488 CHRISTI
870 446 999 499 &KQ

235 569 355 638 Melior
370 588 420 639 est
436 578 522 638 enim
539 578 618 638 mihi
640 588 696 638 tua
715 579 848 654 copiosa
863 578 997 638 miseri-

234 674 344 734 cordia
374 675 413 734 ad
445 675 712 736 consecutionem
748 676 995 753 indulgentiae:

234 788 329 848 quam
345 787 418 831 mea
434 771 563 847 opinata
585 773 707 834 iustitia
722 792 779 851 pro
795 775 995 836 defensione

233 869 363 930 latentis
392 870 622 931 conscientiae.
675 871 712 932 Et
740 872 768 932 si
798 873 879 933 nihil
910 873 994 933 mihi

210 967 386 1027 sconscius
415 983 504 1027 sum:
533 977 642 1027 tamen
671 968 704 1027 in
726 969 788 1029 boc
811 969 994 1030 iustificare

233 1081 361 1124 menon
373 1081 524 1140 possum:
541 1065 616 1141 quia
630 1075 754 1126 remota
764 1067 996 1128 misericordia

233 1170 287 1221 tua
315 1178 380 1220 non
410 1160 638 1222 iustificabitur
666 1162 699 1221 in
726 1174 905 1240 conspectu
934 1174 995 1225 tuo

233 1259 340 1319 omnis
362 1258 489 1319 vivens.

309 1453 435 1531 QVOD
458 1452 608 1515 OMNIA
630 1455 801 1517 GRAVIA
825 1457 913 1518 PRO

198 1576 223 1618 to
378 1551 583 1613 AETERNA
605 1553 708 1614 VITA
731 1553 844 1616 SVNT

471 1648 749 1711 TOLERANDA.

447 1807 652 1857 CAPITVLVM
670 1808 774 1859 XLVII.

235 1887 391 2100 ffilli
428 1942 502 2004 Non
528 1955 560 2005 te
584 1944 731 2022 frangant
755 1945 884 2006 labores
906 1963 995 2023 quos

363 2042 570 2118 assumpsisti
586 2053 719 2120 propter
733 2061 785 2103 me
805 2061 866 2103 nec
889 2044 994 2104 tribu-

199 2139 371 2200 tslationes
406 2150 438 2200 te
469 2140 609 2201 deiciant
639 2157 894 2218 usquequaque:
929 2143 991 2202 sed

232 2252 305 2296 mea
315 2236 495 2312 ¹promissio
518 2238 654 2298 inomni
671 2248 790 2299 eventu
810 2249 842 2300 te
858 2240 993 2300 roboret

233 2342 264 2393 et
295 2334 492 2394 consoletur.
546 2335 612 2412 Ego
643 2335 814 2397 sufficiens
846 2354 918 2396 sum
949 2337 992 2396 ad

233 2431 434 2492 reddendum
450 2449 549 2508 supra
564 2449 694 2493 omnem
711 2434 843 2493 modum
855 2443 887 2493 et
898 2449 993 2493 men·

233 2545 353 2588 suram.
385 2529 459 2589 Non
475 2530 530 2589 diu
546 2530 599 2590 hic
622 2531 799 2591 laborabis:
821 2547 882 2591 nec
903 2547 993 2591 sem·

196 2643 291 2702 aoper
312 2627 499 2703 gravaberis
528 2628 705 2688 doloribus.
750 2628 890 2705 Expecta
912 2646 992 2705 pau-

233 2724 349 2799 lisper:
366 2735 398 2785 et
407 2725 534 2785 videbis
550 2727 691 2786 celerem
708 2725 806 2786 linem
818 2725 991 2786 malorum.

233 2822 352 2883 Veniet
374 2840 438 2883 una
460 2824 555 2883 hora:
578 2824 707 2901 quando
723 2824 865 2894 cessabit
879 2823 991 2883 omnis

233 2919 322 2978 labor
337 2930 369 2980 et
383 2921 552 2981 tumultus,
578 2921 745 2982 Modicum
761 2931 811 2981 est
826 2931 859 2981 et
873 2921 991 2982 breve:

232 3033 329 3076 omne
358 3019 444 3094 quod
472 3019 587 3079 transit
616 3036 689 3078 cum
719 3030 875 3094 tempore.
919 3017 990 3095 Age

196 3114 318 3190 asquod
341 3115 426 3191 agis3
448 3115 587 3176 fideliter
608 3116 717 3176 labora
739 3115 772 3175 in
788 3116 884 3176 vinea
900 3134 990 3176 mea:

232 3227 292 3287 ego
315 3228 370 3270 ero
394 3229 521 3273 merces
543 3224 607 3274 tua.
650 3209 763 3274 Scribe
791 3214 862 3290 lege
885 3223 990 3287 canta,

231 3326 326 3385 geme
341 3319 411 3369 tace
427 3328 500 3386 ora3
515 3311 642 3372 sustine
657 3311 796 3371 viriliter
810 3312 990 3372 contraria:

232 3406 989 3484 dignaesthisomnibusetmaioribusproeliis

232 3504 298 3563 vita
313 3515 453 3564 aeterna.
476 3505 595 3566 Veniet
610 3522 671 3580 pax
693 3505 795 3564 indie
817 3522 883 3565 una
906 3523 990 3582 quae

589 3608 630 3650 228
