2138 4196
242 437 364 490 effi
434 437 473 479 DE
489 437 669 480 lunatione
683 437 808 481 CHRISTI
879 439 1012 493 &KQ

243 630 301 690 DE
310 629 557 693 PAVCITATE
568 631 823 694 AMATORVM
835 633 1009 696 CRVCIS

569 730 675 791 IESV.

488 911 694 961 CAPITVLVM
711 912 754 960 Xl.

242 1005 441 1223 ΗΜ
463 1065 557 1124 lesus
578 1082 666 1124 nunc
695 1066 814 1125 multos
836 1077 1006 1128 amatores

219 1182 233 1221 s
377 1163 467 1239 regni
500 1163 550 1222 sui
583 1163 750 1223 caelestis:
786 1164 844 1223 sed
876 1181 1005 1240 paucos

241 1258 438 1319 baiulatores
469 1277 548 1319 suae
577 1260 694 1320 crucia.
746 1260 871 1321 Multos
902 1263 1004 1322 habet

241 1356 481 1418 desideratores
509 1357 758 1418 consolationis:
788 1357 847 1417 sed
875 1376 1004 1434 paucos

240 1453 467 1515 tribulationis.
478 1455 1003 1516 Pluresinvenitsociosmensae:

241 1552 299 1611 sed
322 1569 443 1627 paucos
464 1553 690 1613 abstinentiae.
720 1552 846 1614 Omnes
862 1554 1003 1630 cupiunt

208 1665 315 1711 iocum
347 1666 386 1709 eo
414 1650 572 1725 gaudere:
603 1651 697 1726 pauci
726 1651 839 1711 volunt
870 1668 931 1726 pro
962 1669 1002 1711 eo

241 1746 362 1822 aliquid
378 1747 551 1807 sustinere.
578 1747 674 1808 Multi
689 1748 797 1809 Iesum
813 1759 1003 1824 sequuntur

241 1860 346 1920 usque
376 1845 415 1904 ad
447 1844 638 1905 fractionem
670 1845 780 1921 panis:
812 1847 869 1906 sed
901 1847 999 1922 pauci

240 1957 345 2017 usque
376 1941 415 2000 ad
446 1940 622 2001 bibendum
656 1942 791 2002 calicem
822 1943 1000 2018 passionis.

241 2038 336 2098 Multi
368 2039 523 2098 miracula
554 2039 626 2099 eius
656 2049 870 2100 venerantur:
902 2044 999 2117 pauci

206 2136 768 2214 isignominiamcrucissequuntur.
780 2137 876 2197 Multi
887 2137 998 2199 Iesum

239 2233 389 2310 diligunt:
406 2234 559 2310 quamdiu
571 2235 707 2294 adversa
718 2251 783 2294 non
795 2235 997 2312 contingunt.

240 2331 335 2392 Multi
352 2331 443 2390 illum
459 2333 589 2393 laudant
606 2343 638 2393 et
652 2332 866 2392 benedicunt:
885 2349 997 2409 quam·

239 2429 294 2489 diu
326 2429 567 2489 consolationes
598 2430 723 2506 aliquas
753 2432 792 2490 ab
824 2431 895 2507 ipso
925 2449 998 2509 per-

239 2525 372 2602 cipiunt.
416 2525 449 2586 si
472 2536 580 2586 autem
604 2527 696 2586 Iesus
725 2544 763 2587 se
788 2529 998 2589 absconderit

202 2634 271 2687 aoet
293 2624 456 2684 modicum
479 2640 536 2683 eos
557 2623 741 2700 reliquerit:
763 2636 818 2685 aut
839 2625 872 2684 in
888 2626 998 2702 queri·

239 2722 380 2782 moniam
392 2722 444 2782 vel
456 2721 488 2781 in
498 2721 714 2781 deiectionem
724 2721 857 2781 nimiam
866 2724 997 2784 cadunt.

239 2818 305 2895 Qui
328 2830 436 2880 autern
459 2819 568 2879 Iesum
590 2831 722 2895 propter
744 2819 853 2879 Iesum
876 2830 907 2880 et
930 2838 997 2881 non

239 2927 370 2992 propter
380 2916 792 2993 suampropriamaliquam
802 2917 997 2978 consolatio-

239 3030 314 3073 nem
330 3013 482 3090 diligunt:
505 3015 611 3092 ipsum
634 3014 667 3074 in
683 3015 771 3075 omni
787 3015 997 3076 tribulatione

202 3120 271 3176 aset
292 3110 440 3188 angustia
461 3112 569 3172 cordis
594 3114 678 3174 sicut
707 3113 739 3172 in
769 3131 897 3174 summa
920 3131 997 3173 con·
1052 3133 1053 3136 ¹

238 3207 398 3268 solatione
418 3209 625 3271 benedicunt.
655 3211 693 3270 Et
708 3211 735 3270 si
752 3228 930 3288 numquam
946 3213 997 3272 eis
1052 3205 1053 3288 ᾗ

238 3307 495 3366 consolationem
517 3307 594 3368 dare
616 3309 731 3384 vellet;
755 3309 862 3384 ipsum
884 3319 996 3369 tamen
1052 3363 1053 3390 ¹

238 3420 369 3480 semper
379 3403 561 3466 laudarent:
577 3414 609 3467 et
619 3423 751 3482 semper
764 3407 882 3484 gratias
898 3423 997 3483 agere
1052 3471 1053 3484 ¹

238 3502 369 3562 vellent.
419 3501 448 3563 Ο
477 3513 633 3579 quantum
662 3514 768 3580 potest
798 3521 890 3564 amor
920 3505 996 3564 Iesu
1052 3503 1053 3586 l

605 3607 632 3649 ω
1052 3601 1053 3610 ,
