2138 4196
237 424 358 476 &m
429 424 468 466 DE
484 423 663 466 IMITATIONE
678 423 802 466 CHRISTI
873 424 1056 476 ζὲχῖῇθξῶ,

239 599 296 659 DE
312 587 567 660 OBLATIONE
584 599 760 661 CHRISTI
780 599 824 660 IN
842 600 1011 662 CRVCE

300 695 351 755 ET
374 695 566 757 PROPRIA
592 696 935 759 RESIGNATIONE.

500 863 569 909 VOX
585 864 732 910 DILECTI.

468 1005 674 1056 CAPITVLVM
692 1005 763 1056 V111.

215 1085 416 1307 offilcut
431 1159 490 1219 ego
501 1159 554 1202 me
565 1137 672 1219 ipsum'
688 1143 841 1219 expansis
851 1143 885 1202 in
896 1161 1008 1205 cruce

365 1241 515 1301 manibus
538 1251 570 1301 et
591 1241 678 1301 nudo
697 1258 832 1317 corpore
847 1259 907 1317 pro
923 1259 1008 1317 pec-

238 1337 318 1397 catis
339 1338 405 1398 tuis
426 1339 497 1398 Deo
514 1338 600 1398 Patri
623 1349 739 1415 sponte
761 1338 880 1415 optuli3
902 1338 949 1398 ita
965 1350 1007 1399 ut

238 1434 319 1494 nihil
350 1435 384 1494 in
415 1452 467 1494 me
500 1447 684 1497 remaneret
715 1436 794 1512 quin
826 1446 931 1496 toturn
965 1437 1005 1496 in

239 1531 434 1592 sacrificium
458 1533 588 1593 divinae
611 1533 803 1609 placationis
824 1533 1004 1594 transiret:

206 1643 230 1684 to
239 1628 283 1690 ita
305 1629 405 1690 debes
427 1640 459 1690 et
480 1640 514 1690 tu
535 1640 636 1691 temet
658 1631 764 1707 ipsum
781 1630 860 1690 mihi
881 1632 1004 1691 volun-

238 1728 319 1789 tarie
350 1727 383 1787 in
414 1727 612 1788 oblanonem
643 1746 756 1804 puram
789 1738 821 1788 et
849 1737 1003 1788 sanctam

239 1826 357 1886 cotidie
379 1825 412 1884 in
435 1825 536 1884 missa
557 1841 631 1884 cunr
647 1825 799 1884 omnibus
815 1825 943 1885 viribus
969 1836 1005 1885 et

239 1923 410 1984 affectibus
432 1922 497 1983 tuis
519 1931 640 1997 quanto
666 1922 813 1982 intimius
834 1923 927 1982 vales
949 1923 1003 1982 of-

240 2019 335 2078 ierre.
379 2019 467 2095 Quid
496 2019 598 2096 magis
627 2031 698 2081 ate
721 2021 869 2097 requiro;
898 2039 1001 2098 quarn

205 2133 229 2172 ιε
239 2127 273 2177 ut
294 2127 326 2177 te
348 2117 480 2178 studeas
495 2117 574 2176 mihi
598 2134 638 2176 ex
660 2118 785 2194 integro
803 2119 1002 2195 resignare?
1055 2119 1056 2200 ᾗ

239 2214 407 2291 Quidquid
417 2224 546 2290 praeter
560 2225 592 2275 te
607 2214 715 2291 ipsum
731 2214 788 2274 das
804 2216 885 2275 nihii
902 2233 1000 2276 curo:
1055 2225 1056 2260 Ξ

238 2312 389 2388 quianon
401 2328 522 2388 quaero
537 2311 646 2371 datum
658 2321 749 2371 tuum
765 2312 823 2372 sed
839 2322 881 2372 te.
904 2312 1001 2372 Sicut

238 2426 303 2467 non
319 2408 486 2471 sufficeret
500 2410 557 2472 tibi
570 2409 722 2470 omnibus
733 2410 852 2470 habitis
867 2421 1001 2486 praeter

238 2524 308 2567 me:
330 2508 374 2567 ita
388 2525 449 2567 nee
465 2509 544 2568 mihi
560 2509 690 2585 placere
704 2507 823 2584 poterit
837 2508 999 2584 quidquid

202 2605 368 2665 aodederis
389 2615 421 2664 te
443 2623 508 2665 non
531 2606 647 2666 oblato.
690 2604 785 2666 Offer
806 2615 837 2665 te
860 2605 942 2664 mihi
967 2617 1000 2666 et

238 2703 277 2763 da
298 2712 330 2762 te
352 2712 453 2763 toturn
476 2721 534 2779 pro
551 2704 639 2763 Deo:
661 2712 693 2763 et
715 2702 776 2762 erit
793 2712 928 2778 accepta
943 2705 1000 2762 ob·

238 2801 324 2860 latio.
367 2801 451 2860 Ecce
480 2817 540 2877 ego
569 2817 621 2860 me
650 2810 751 2860 toturn
782 2800 883 2875 optuli
908 2801 997 2861 Patri

238 2915 297 2973 pro
319 2908 367 2958 te:
396 2897 469 2958 dedi
493 2897 589 2958 etiarn
611 2907 713 2958 toturn
743 2914 862 2973 corpus
884 2915 997 2958 meum

239 3005 270 3055 et
298 2995 489 3072 sanguinem
519 2995 552 3054 in
582 2995 706 3071 cibum3
737 3006 772 3056 ut
801 3005 890 3056 totus
919 3005 998 3056 tuus

202 3108 229 3148 25
239 3109 364 3151 essem:
380 3102 411 3152 et
426 3103 460 3153 tu
476 3109 571 3152 meus
586 3110 807 3169 permaneres,
838 3092 871 3153 Si
885 3101 997 3152 autem

238 3190 271 3249 in
287 3200 318 3250 te
338 3191 409 3266 ipso
425 3189 556 3251 steteris
571 3207 631 3250 nec
647 3201 763 3267 sponte
778 3200 810 3250 te
825 3192 865 3251 ad
881 3192 997 3252 voiun-

237 3298 335 3348 tatem
358 3305 463 3348 meam
486 3287 661 3363 optuleris;
682 3305 747 3348 non
763 3298 814 3348 est
828 3289 926 3364 plena
941 3291 997 3348 ob-

237 3385 330 3445 latio:
359 3402 420 3445 nec
451 3385 575 3461 integra
606 3384 667 3444 erit
698 3384 783 3444 inter
813 3402 874 3444 nos
906 3386 996 3446 unio.

239 3482 339 3559 Igitur
360 3482 468 3542 omnia
490 3498 589 3557 opera
609 3491 664 3541 tua
685 3482 882 3557 praecedere
899 3483 996 3543 debet

598 3586 635 3628 112
