<?xml version="1.0" encoding="UTF-8"?>
<!DOCTYPE html PUBLIC "-//W3C//DTD XHTML 1.0 Transitional//EN"
    "http://www.w3.org/TR/xhtml1/DTD/xhtml1-transitional.dtd">
<html xmlns="http://www.w3.org/1999/xhtml" xml:lang="en" lang="en">
 <head>
  <title>
</title>
<meta http-equiv="Content-Type" content="text/html;charset=utf-8" />
  <meta name='ocr-system' content='tesseract 3.04.00' />
  <meta name='ocr-capabilities' content='ocr_page ocr_carea ocr_par ocr_line ocrx_word'/>
</head>
<body>
  <div class='ocr_page' id='page_1' title='image "./thomaehemerkena03pohlgoog_0191.png"; bbox 0 0 2146 4194; ppageno 0'>
   <div class='ocr_carea' id='block_1_1' title="bbox 227 455 991 510">
    <p class='ocr_par' dir='ltr' id='par_1_1' title="bbox 227 455 991 510">
     <span class='ocr_line' id='line_1_1' title="bbox 227 455 991 510; baseline -0.008 -9"><span class='ocrx_word' id='word_1_1' title='bbox 227 457 349 510; x_wconf 52' lang='lat' dir='ltr'><strong>&amp;m</strong></span> <span class='ocrx_word' id='word_1_2' title='bbox 422 456 461 498; x_wconf 88' lang='lat' dir='ltr'><strong>DE</strong></span> <span class='ocrx_word' id='word_1_3' title='bbox 477 455 795 499; x_wconf 77' lang='lat' dir='ltr'><strong>lMlTATlONE-CHRlSTI</strong></span> <span class='ocrx_word' id='word_1_4' title='bbox 866 455 991 508; x_wconf 55' lang='lat' dir='ltr'><strong>ffiffi)</strong></span> 
     </span>
    </p>
   </div>
   <div class='ocr_carea' id='block_1_2' title="bbox 229 589 1067 783">
    <p class='ocr_par' dir='ltr' id='par_1_2' title="bbox 229 589 1067 783">
     <span class='ocr_line' id='line_1_2' title="bbox 230 589 991 668; baseline -0.004 -17"><span class='ocrx_word' id='word_1_5' title='bbox 230 591 434 668; x_wconf 89' lang='lat' dir='ltr'><strong>simplicibus</strong></span> <span class='ocrx_word' id='word_1_6' title='bbox 456 590 626 651; x_wconf 89' lang='lat' dir='ltr'><strong>delectari:</strong></span> <span class='ocrx_word' id='word_1_7' title='bbox 648 606 709 650; x_wconf 92' lang='lat' dir='ltr'><strong>nec</strong></span> <span class='ocrx_word' id='word_1_8' title='bbox 729 599 842 650; x_wconf 86' lang='lat' dir='ltr'><strong>contra</strong></span> <span class='ocrx_word' id='word_1_9' title='bbox 855 589 991 666; x_wconf 80' lang='lat' dir='ltr'><strong>aliquod</strong></span> 
     </span>
     <span class='ocr_line' id='line_1_3' title="bbox 229 687 1067 783; baseline -0.002 -35"><span class='ocrx_word' id='word_1_10' title='bbox 229 688 467 748; x_wconf 88' lang='lat' dir='ltr'><strong>inconveniens</strong></span> <span class='ocrx_word' id='word_1_11' title='bbox 489 687 673 748; x_wconf 89' lang='lat' dir='ltr'><strong>mussitare.</strong></span> <span class='ocrx_word' id='word_1_12' title='bbox 1062 707 1067 783; x_wconf 54' lang='lat' dir='ltr'><strong>p</strong></span> 
     </span>
    </p>
   </div>
   <div class='ocr_carea' id='block_1_3' title="bbox 206 882 1067 1142">
    <p class='ocr_par' dir='ltr' id='par_1_3' title="bbox 206 882 1067 1142">
     <span class='ocr_line' id='line_1_4' title="bbox 255 882 1067 965; baseline 0.001 -21"><span class='ocrx_word' id='word_1_13' title='bbox 255 883 312 944; x_wconf 88' lang='lat' dir='ltr'><strong>DE</strong></span> <span class='ocrx_word' id='word_1_14' title='bbox 336 883 677 945; x_wconf 82' lang='lat' dir='ltr'><strong>INFORMATIONE</strong></span> <span class='ocrx_word' id='word_1_15' title='bbox 700 882 966 945; x_wconf 83' lang='grc' dir='ltr'>ΡΑΤΙΕΝΤΙΑΕ</span> <span class='ocrx_word' id='word_1_16' title='bbox 1062 952 1067 965; x_wconf 46' lang='grc'><strong><em>,</em></strong></span> 
     </span>
     <span class='ocr_line' id='line_1_5' title="bbox 316 979 901 1044; baseline 0.003 -2"><span class='ocrx_word' id='word_1_17' title='bbox 316 979 367 1042; x_wconf 88' lang='grc' dir='ltr'><strong>ΕΤ</strong></span> <span class='ocrx_word' id='word_1_18' title='bbox 388 981 649 1044; x_wconf 74' lang='grc' dir='ltr'>ΙΝΟΤΑΜΙΝΕ</span> <span class='ocrx_word' id='word_1_19' title='bbox 672 981 901 1044; x_wconf 74' lang='lat' dir='ltr'>ADVERSVS</span> 
     </span>
     <span class='ocr_line' id='line_1_6' title="bbox 206 1078 823 1142; baseline -0.002 -1"><span class='ocrx_word' id='word_1_20' title='bbox 206 1101 220 1141; x_wconf 83' lang='lat' dir='ltr'><strong>s</strong></span> <span class='ocrx_word' id='word_1_21' title='bbox 393 1078 823 1142; x_wconf 76' lang='lat' dir='ltr'>CONCVPISCENTIAS.</span> 
     </span>
    </p>
   </div>
   <div class='ocr_carea' id='block_1_4' title="bbox 469 1235 749 1286">
    <p class='ocr_par' dir='ltr' id='par_1_4' title="bbox 469 1235 749 1286">
     <span class='ocr_line' id='line_1_7' title="bbox 469 1235 749 1286; baseline -0.004 0"><span class='ocrx_word' id='word_1_22' title='bbox 469 1235 675 1286; x_wconf 81' lang='lat' dir='ltr'>CAPITVLVM</span> <span class='ocrx_word' id='word_1_23' title='bbox 693 1235 749 1285; x_wconf 80' lang='lat' dir='ltr'><strong>xil.</strong></span> 
     </span>
    </p>
   </div>
   <div class='ocr_carea' id='block_1_5' title="bbox 230 1314 991 1534">
    <p class='ocr_par' dir='ltr' id='par_1_5' title="bbox 230 1314 991 1534">
     <span class='ocr_line' id='line_1_8' title="bbox 230 1314 991 1534; baseline 0.003 -102"><span class='ocrx_word' id='word_1_24' title='bbox 230 1314 463 1534; x_wconf 38' lang='lat' dir='ltr'><strong>&amp;Omine</strong></span> <span class='ocrx_word' id='word_1_25' title='bbox 479 1374 570 1433; x_wconf 87' lang='lat' dir='ltr'><strong>Deus</strong></span> <span class='ocrx_word' id='word_1_26' title='bbox 590 1382 625 1433; x_wconf 91' lang='lat' dir='ltr'><strong>ut</strong></span> <span class='ocrx_word' id='word_1_27' title='bbox 640 1372 746 1448; x_wconf 91' lang='lat' dir='ltr'><strong>video,</strong></span> <span class='ocrx_word' id='word_1_28' title='bbox 768 1373 925 1449; x_wconf 86' lang='lat' dir='ltr'><strong>patientia</strong></span> <span class='ocrx_word' id='word_1_29' title='bbox 941 1385 991 1434; x_wconf 89' lang='lat' dir='ltr'><strong>est</strong></span> 
     </span>
    </p>
   </div>
   <div class='ocr_carea' id='block_1_6' title="bbox 195 1425 1070 3502">
    <p class='ocr_par' dir='ltr' id='par_1_6' title="bbox 195 1425 1070 3502">
     <span class='ocr_line' id='line_1_9' title="bbox 231 1425 990 1533; baseline 0.004 -3"><span class='ocrx_word' id='word_1_30' title='bbox 231 1425 244 1510; x_wconf 46' lang='grc' dir='ltr'><strong>ᾖ</strong></span> <span class='ocrx_word' id='word_1_31' title='bbox 362 1470 442 1531; x_wconf 89' lang='lat' dir='ltr'><strong>mihi</strong></span> <span class='ocrx_word' id='word_1_32' title='bbox 458 1470 552 1531; x_wconf 89' lang='lat' dir='ltr'><strong>valde</strong></span> <span class='ocrx_word' id='word_1_33' title='bbox 567 1470 769 1531; x_wconf 88' lang='lat' dir='ltr'><strong>necessaria:</strong></span> <span class='ocrx_word' id='word_1_34' title='bbox 785 1472 886 1532; x_wconf 89' lang='lat' dir='ltr'><strong>multa</strong></span> <span class='ocrx_word' id='word_1_35' title='bbox 898 1473 990 1533; x_wconf 93' lang='lat' dir='ltr'><strong>enim</strong></span> 
     </span>
     <span class='ocr_line' id='line_1_10' title="bbox 229 1566 990 1631; baseline 0.007 -5"><span class='ocrx_word' id='word_1_36' title='bbox 229 1567 263 1627; x_wconf 93' lang='lat' dir='ltr'><strong>in</strong></span> <span class='ocrx_word' id='word_1_37' title='bbox 297 1567 358 1626; x_wconf 90' lang='lat' dir='ltr'><strong>hac</strong></span> <span class='ocrx_word' id='word_1_38' title='bbox 394 1566 460 1627; x_wconf 89' lang='lat' dir='ltr'><strong>vita</strong></span> <span class='ocrx_word' id='word_1_39' title='bbox 494 1568 645 1628; x_wconf 90' lang='lat' dir='ltr'><strong>accidunt</strong></span> <span class='ocrx_word' id='word_1_40' title='bbox 680 1569 850 1630; x_wconf 88' lang='lat' dir='ltr'><strong>contraria.</strong></span> <span class='ocrx_word' id='word_1_41' title='bbox 901 1569 990 1631; x_wconf 87' lang='lat' dir='ltr'><strong>Nam</strong></span> 
     </span>
     <span class='ocr_line' id='line_1_11' title="bbox 196 1664 992 1743; baseline 0.005 -19"><span class='ocrx_word' id='word_1_42' title='bbox 196 1685 221 1725; x_wconf 86' lang='grc' dir='ltr'><strong>ιο</strong></span> <span class='ocrx_word' id='word_1_43' title='bbox 230 1664 511 1742; x_wconf 91' lang='lat' dir='ltr'><strong>qualitercumque</strong></span> <span class='ocrx_word' id='word_1_44' title='bbox 534 1667 728 1727; x_wconf 79' lang='lat' dir='ltr'><strong>ordinavero</strong></span> <span class='ocrx_word' id='word_1_45' title='bbox 743 1667 784 1726; x_wconf 93' lang='lat' dir='ltr'><strong>de</strong></span> <span class='ocrx_word' id='word_1_46' title='bbox 803 1683 882 1743; x_wconf 90' lang='lat' dir='ltr'><strong>pace</strong></span> <span class='ocrx_word' id='word_1_47' title='bbox 897 1685 992 1728; x_wconf 86' lang='lat' dir='ltr'><strong>mea:</strong></span> 
     </span>
     <span class='ocr_line' id='line_1_12' title="bbox 230 1763 1070 1850; baseline 0.004 -27"><span class='ocrx_word' id='word_1_48' title='bbox 230 1780 295 1823; x_wconf 95' lang='lat' dir='ltr'><strong>non</strong></span> <span class='ocrx_word' id='word_1_49' title='bbox 318 1772 522 1839; x_wconf 88' lang='lat' dir='ltr'><strong>potestesse</strong></span> <span class='ocrx_word' id='word_1_50' title='bbox 544 1763 719 1823; x_wconf 89' lang='lat' dir='ltr'><strong>sinebello</strong></span> <span class='ocrx_word' id='word_1_51' title='bbox 742 1773 774 1824; x_wconf 88' lang='lat' dir='ltr'><strong>et</strong></span> <span class='ocrx_word' id='word_1_52' title='bbox 788 1763 900 1824; x_wconf 90' lang='lat' dir='ltr'><strong>dolore</strong></span> <span class='ocrx_word' id='word_1_53' title='bbox 923 1766 993 1826; x_wconf 88' lang='lat' dir='ltr'><strong>vita</strong></span> <span class='ocrx_word' id='word_1_54' title='bbox 1069 1847 1070 1850; x_wconf 8' lang='grc' dir='ltr'><strong>Ἴ</strong></span> 
     </span>
     <span class='ocr_line' id='line_1_13' title="bbox 231 1860 993 1924; baseline 0.005 -4"><span class='ocrx_word' id='word_1_55' title='bbox 231 1877 312 1921; x_wconf 89' lang='lat' dir='ltr'><strong>mea.</strong></span> <span class='ocrx_word' id='word_1_56' title='bbox 350 1861 396 1921; x_wconf 90' lang='lat' dir='ltr'><strong>lta</strong></span> <span class='ocrx_word' id='word_1_57' title='bbox 418 1870 467 1923; x_wconf 90' lang='lat' dir='ltr'><strong>est</strong></span> <span class='ocrx_word' id='word_1_58' title='bbox 489 1860 544 1921; x_wconf 88' lang='lat' dir='ltr'><strong>lili.</strong></span> <span class='ocrx_word' id='word_1_59' title='bbox 575 1860 638 1921; x_wconf 92' lang='lat' dir='ltr'><strong>Sed</strong></span> <span class='ocrx_word' id='word_1_60' title='bbox 654 1862 728 1921; x_wconf 95' lang='lat' dir='ltr'><strong>volo</strong></span> <span class='ocrx_word' id='word_1_61' title='bbox 751 1871 782 1922; x_wconf 86' lang='lat' dir='ltr'><strong>te</strong></span> <span class='ocrx_word' id='word_1_62' title='bbox 802 1879 867 1922; x_wconf 92' lang='lat' dir='ltr'><strong>non</strong></span> <span class='ocrx_word' id='word_1_63' title='bbox 889 1863 993 1924; x_wconf 87' lang='lat' dir='ltr'><strong>talem</strong></span> 
     </span>
     <span class='ocr_line' id='line_1_14' title="bbox 230 1958 994 2035; baseline 0.004 -17"><span class='ocrx_word' id='word_1_64' title='bbox 230 1974 389 2035; x_wconf 90' lang='lat' dir='ltr'><strong>quaerere</strong></span> <span class='ocrx_word' id='word_1_65' title='bbox 398 1958 994 2034; x_wconf 88' lang='lat' dir='ltr'><strong>pacemquaetemptationibusoareat</strong></span> 
     </span>
     <span class='ocr_line' id='line_1_15' title="bbox 230 2055 993 2131; baseline 0.004 -16"><span class='ocrx_word' id='word_1_66' title='bbox 230 2065 285 2116; x_wconf 91' lang='lat' dir='ltr'><strong>aut</strong></span> <span class='ocrx_word' id='word_1_67' title='bbox 300 2055 462 2116; x_wconf 88' lang='lat' dir='ltr'><strong>contraria</strong></span> <span class='ocrx_word' id='word_1_68' title='bbox 476 2072 541 2115; x_wconf 92' lang='lat' dir='ltr'><strong>non</strong></span> <span class='ocrx_word' id='word_1_69' title='bbox 557 2055 692 2131; x_wconf 83' lang='lat' dir='ltr'><strong>sentiat3</strong></span> <span class='ocrx_word' id='word_1_70' title='bbox 714 2057 772 2116; x_wconf 93' lang='lat' dir='ltr'><strong>sed</strong></span> <span class='ocrx_word' id='word_1_71' title='bbox 794 2067 871 2117; x_wconf 89' lang='lat' dir='ltr'><strong>tunc</strong></span> <span class='ocrx_word' id='word_1_72' title='bbox 890 2059 993 2119; x_wconf 88' lang='lat' dir='ltr'><strong>etiam</strong></span> 
     </span>
     <span class='ocr_line' id='line_1_16' title="bbox 197 2153 994 2229; baseline -0.001 -13"><span class='ocrx_word' id='word_1_73' title='bbox 197 2174 222 2216; x_wconf 78' lang='lat' dir='ltr'><strong>rs</strong></span> <span class='ocrx_word' id='word_1_74' title='bbox 231 2153 403 2214; x_wconf 87' lang='lat' dir='ltr'><strong>aestimare</strong></span> <span class='ocrx_word' id='word_1_75' title='bbox 419 2163 450 2213; x_wconf 92' lang='lat' dir='ltr'><strong>te</strong></span> <span class='ocrx_word' id='word_1_76' title='bbox 466 2168 579 2229; x_wconf 85' lang='lat' dir='ltr'><strong>pacem</strong></span> <span class='ocrx_word' id='word_1_77' title='bbox 592 2153 778 2215; x_wconf 87' lang='lat' dir='ltr'><strong>invenisse:</strong></span> <span class='ocrx_word' id='word_1_78' title='bbox 794 2171 868 2214; x_wconf 91' lang='lat' dir='ltr'><strong>cum</strong></span> <span class='ocrx_word' id='word_1_79' title='bbox 885 2154 994 2215; x_wconf 81' lang='lat' dir='ltr'><strong>fueris</strong></span> 
     </span>
     <span class='ocr_line' id='line_1_17' title="bbox 231 2249 995 2328; baseline 0.004 -17"><span class='ocrx_word' id='word_1_80' title='bbox 231 2249 331 2311; x_wconf 90' lang='lat' dir='ltr'><strong>variis</strong></span> <span class='ocrx_word' id='word_1_81' title='bbox 359 2250 623 2311; x_wconf 84' lang='lat' dir='ltr'><strong>tribulationibus</strong></span> <span class='ocrx_word' id='word_1_82' title='bbox 651 2251 865 2328; x_wconf 86' lang='lat' dir='ltr'><strong>exercitatus,</strong></span> <span class='ocrx_word' id='word_1_83' title='bbox 895 2263 928 2314; x_wconf 88' lang='lat' dir='ltr'><strong>et</strong></span> <span class='ocrx_word' id='word_1_84' title='bbox 959 2255 995 2314; x_wconf 93' lang='lat' dir='ltr'><strong>in</strong></span> 
     </span>
     <span class='ocr_line' id='line_1_18' title="bbox 232 2347 996 2424; baseline 0.005 -16"><span class='ocrx_word' id='word_1_85' title='bbox 232 2347 342 2408; x_wconf 88' lang='lat' dir='ltr'><strong>multis</strong></span> <span class='ocrx_word' id='word_1_86' title='bbox 351 2348 806 2424; x_wconf 88' lang='lat' dir='ltr'><strong>contrarietatibusprobatus.</strong></span> <span class='ocrx_word' id='word_1_87' title='bbox 822 2349 856 2410; x_wconf 88' lang='lat' dir='ltr'><strong>si</strong></span> <span class='ocrx_word' id='word_1_88' title='bbox 866 2350 996 2412; x_wconf 85' lang='lat' dir='ltr'><strong>dixeris</strong></span> 
     </span>
     <span class='ocr_line' id='line_1_19' title="bbox 231 2446 996 2524; baseline 0.009 -20"><span class='ocrx_word' id='word_1_89' title='bbox 231 2455 263 2505; x_wconf 92' lang='lat' dir='ltr'><strong>te</strong></span> <span class='ocrx_word' id='word_1_90' title='bbox 285 2462 350 2504; x_wconf 91' lang='lat' dir='ltr'><strong>non</strong></span> <span class='ocrx_word' id='word_1_91' title='bbox 373 2461 471 2521; x_wconf 92' lang='lat' dir='ltr'><strong>posse</strong></span> <span class='ocrx_word' id='word_1_92' title='bbox 493 2447 594 2506; x_wconf 92' lang='lat' dir='ltr'><strong>multa</strong></span> <span class='ocrx_word' id='word_1_93' title='bbox 615 2446 696 2522; x_wconf 85' lang='lat' dir='ltr'><strong>pati3</strong></span> <span class='ocrx_word' id='word_1_94' title='bbox 725 2448 889 2524; x_wconf 90' lang='lat' dir='ltr'><strong>quomodo</strong></span> <span class='ocrx_word' id='word_1_95' title='bbox 910 2455 996 2512; x_wconf 86' lang='lat' dir='ltr'><strong>tunc</strong></span> 
     </span>
     <span class='ocr_line' id='line_1_20' title="bbox 231 2542 997 2621; baseline 0.009 -19"><span class='ocrx_word' id='word_1_96' title='bbox 231 2542 411 2604; x_wconf 87' lang='lat' dir='ltr'><strong>sustinebis</strong></span> <span class='ocrx_word' id='word_1_97' title='bbox 433 2543 541 2619; x_wconf 87' lang='lat' dir='ltr'><strong>ignem</strong></span> <span class='ocrx_word' id='word_1_98' title='bbox 560 2545 763 2621; x_wconf 77' lang='lat' dir='ltr'><strong>purgatorii?</strong></span> <span class='ocrx_word' id='word_1_99' title='bbox 795 2546 844 2605; x_wconf 89' lang='lat' dir='ltr'><strong>De</strong></span> <span class='ocrx_word' id='word_1_100' title='bbox 859 2546 997 2609; x_wconf 91' lang='lat' dir='ltr'><strong>duobus</strong></span> 
     </span>
     <span class='ocr_line' id='line_1_21' title="bbox 195 2640 998 2720; baseline 0.001 -14"><span class='ocrx_word' id='word_1_101' title='bbox 195 2640 326 2706; x_wconf 81' lang='lat' dir='ltr'><strong>zomalis</strong></span> <span class='ocrx_word' id='word_1_102' title='bbox 349 2641 458 2701; x_wconf 89' lang='lat' dir='ltr'><strong>minus</strong></span> <span class='ocrx_word' id='word_1_103' title='bbox 480 2650 530 2701; x_wconf 88' lang='lat' dir='ltr'><strong>est</strong></span> <span class='ocrx_word' id='word_1_104' title='bbox 554 2658 686 2718; x_wconf 86' lang='lat' dir='ltr'><strong>semper</strong></span> <span class='ocrx_word' id='word_1_105' title='bbox 707 2643 904 2720; x_wconf 85' lang='lat' dir='ltr'><strong>eligendum.</strong></span> <span class='ocrx_word' id='word_1_106' title='bbox 949 2647 998 2707; x_wconf 89' lang='lat' dir='ltr'><strong>Vt</strong></span> 
     </span>
     <span class='ocr_line' id='line_1_22' title="bbox 232 2739 998 2817; baseline 0.004 -18"><span class='ocrx_word' id='word_1_107' title='bbox 232 2756 309 2816; x_wconf 87' lang='lat' dir='ltr'><strong>ergo</strong></span> <span class='ocrx_word' id='word_1_108' title='bbox 331 2749 463 2800; x_wconf 85' lang='lat' dir='ltr'><strong>aeterna</strong></span> <span class='ocrx_word' id='word_1_109' title='bbox 485 2739 593 2801; x_wconf 81' lang='lat' dir='ltr'><strong>lutura</strong></span> <span class='ocrx_word' id='word_1_110' title='bbox 615 2741 775 2817; x_wconf 89' lang='lat' dir='ltr'><strong>supplicia</strong></span> <span class='ocrx_word' id='word_1_111' title='bbox 791 2741 900 2817; x_wconf 91' lang='lat' dir='ltr'><strong>possis</strong></span> <span class='ocrx_word' id='word_1_112' title='bbox 916 2759 998 2802; x_wconf 88' lang='lat' dir='ltr'><strong>eva·</strong></span> 
     </span>
     <span class='ocr_line' id='line_1_23' title="bbox 232 2837 998 2916; baseline 0.007 -20"><span class='ocrx_word' id='word_1_113' title='bbox 232 2837 326 2897; x_wconf 90' lang='lat' dir='ltr'><strong>dere:</strong></span> <span class='ocrx_word' id='word_1_114' title='bbox 356 2838 439 2897; x_wconf 92' lang='lat' dir='ltr'><strong>mala</strong></span> <span class='ocrx_word' id='word_1_115' title='bbox 467 2838 652 2915; x_wconf 88' lang='lat' dir='ltr'><strong>praesentia</strong></span> <span class='ocrx_word' id='word_1_116' title='bbox 680 2839 812 2899; x_wconf 90' lang='lat' dir='ltr'><strong>studeas</strong></span> <span class='ocrx_word' id='word_1_117' title='bbox 836 2856 895 2916; x_wconf 92' lang='lat' dir='ltr'><strong>pro</strong></span> <span class='ocrx_word' id='word_1_118' title='bbox 919 2841 998 2902; x_wconf 88' lang='lat' dir='ltr'><strong>Deo</strong></span> 
     </span>
     <span class='ocr_line' id='line_1_24' title="bbox 232 2935 999 3014; baseline 0.005 -19"><span class='ocrx_word' id='word_1_119' title='bbox 232 2935 469 3012; x_wconf 88' lang='lat' dir='ltr'><strong>aequanimiter</strong></span> <span class='ocrx_word' id='word_1_120' title='bbox 497 2936 647 2996; x_wconf 91' lang='lat' dir='ltr'><strong>tolerare.</strong></span> <span class='ocrx_word' id='word_1_121' title='bbox 697 2935 749 2996; x_wconf 81' lang='grc' dir='ltr'><strong>Αιι</strong></span> <span class='ocrx_word' id='word_1_122' title='bbox 780 2946 874 3013; x_wconf 87' lang='lat' dir='ltr'><strong>putas</strong></span> <span class='ocrx_word' id='word_1_123' title='bbox 903 2941 999 3014; x_wconf 91' lang='lat' dir='ltr'><strong>quod</strong></span> 
     </span>
     <span class='ocr_line' id='line_1_25' title="bbox 232 3033 999 3110; baseline 0.005 -17"><span class='ocrx_word' id='word_1_124' title='bbox 232 3033 384 3093; x_wconf 91' lang='lat' dir='ltr'><strong>homines</strong></span> <span class='ocrx_word' id='word_1_125' title='bbox 413 3033 535 3093; x_wconf 90' lang='lat' dir='ltr'><strong>saeculi</strong></span> <span class='ocrx_word' id='word_1_126' title='bbox 565 3033 664 3094; x_wconf 91' lang='lat' dir='ltr'><strong>huius</strong></span> <span class='ocrx_word' id='word_1_127' title='bbox 692 3033 774 3094; x_wconf 91' lang='lat' dir='ltr'><strong>nihil</strong></span> <span class='ocrx_word' id='word_1_128' title='bbox 796 3034 849 3094; x_wconf 91' lang='lat' dir='ltr'><strong>vel</strong></span> <span class='ocrx_word' id='word_1_129' title='bbox 873 3051 999 3110; x_wconf 87' lang='lat' dir='ltr'><strong>parum</strong></span> 
     </span>
     <span class='ocr_line' id='line_1_26' title="bbox 196 3130 997 3207; baseline 0 -13"><span class='ocrx_word' id='word_1_130' title='bbox 196 3131 420 3207; x_wconf 73' lang='lat' dir='ltr'><strong>aspatiantur?</strong></span> <span class='ocrx_word' id='word_1_131' title='bbox 464 3130 533 3190; x_wconf 93' lang='lat' dir='ltr'><strong>Nec</strong></span> <span class='ocrx_word' id='word_1_132' title='bbox 555 3132 618 3191; x_wconf 91' lang='lat' dir='ltr'><strong>hoc</strong></span> <span class='ocrx_word' id='word_1_133' title='bbox 645 3131 812 3192; x_wconf 85' lang='lat' dir='ltr'><strong>invenies:</strong></span> <span class='ocrx_word' id='word_1_134' title='bbox 841 3131 939 3192; x_wconf 89' lang='lat' dir='ltr'><strong>etiam</strong></span> <span class='ocrx_word' id='word_1_135' title='bbox 966 3135 997 3194; x_wconf 94' lang='lat' dir='ltr'><strong>si</strong></span> 
     </span>
     <span class='ocr_line' id='line_1_27' title="bbox 233 3228 999 3307; baseline 0.004 -19"><span class='ocrx_word' id='word_1_136' title='bbox 233 3228 484 3289; x_wconf 88' lang='lat' dir='ltr'><strong>delicatissimos</strong></span> <span class='ocrx_word' id='word_1_137' title='bbox 499 3230 691 3307; x_wconf 90' lang='lat' dir='ltr'><strong>quaesieris.</strong></span> <span class='ocrx_word' id='word_1_138' title='bbox 721 3229 785 3290; x_wconf 93' lang='lat' dir='ltr'><strong>Sed</strong></span> <span class='ocrx_word' id='word_1_139' title='bbox 807 3230 928 3291; x_wconf 90' lang='lat' dir='ltr'><strong>habent</strong></span> <span class='ocrx_word' id='word_1_140' title='bbox 943 3231 999 3292; x_wconf 90' lang='lat' dir='ltr'><strong>in-</strong></span> 
     </span>
     <span class='ocr_line' id='line_1_28' title="bbox 233 3325 999 3405; baseline 0.005 -20"><span class='ocrx_word' id='word_1_141' title='bbox 233 3325 307 3402; x_wconf 93' lang='lat' dir='ltr'><strong>quis</strong></span> <span class='ocrx_word' id='word_1_142' title='bbox 329 3326 447 3387; x_wconf 88' lang='lat' dir='ltr'><strong>multas</strong></span> <span class='ocrx_word' id='word_1_143' title='bbox 469 3328 704 3389; x_wconf 84' lang='lat' dir='ltr'><strong>delectationes</strong></span> <span class='ocrx_word' id='word_1_144' title='bbox 726 3338 758 3389; x_wconf 87' lang='lat' dir='ltr'><strong>et</strong></span> <span class='ocrx_word' id='word_1_145' title='bbox 772 3327 920 3405; x_wconf 91' lang='lat' dir='ltr'><strong>proprias</strong></span> <span class='ocrx_word' id='word_1_146' title='bbox 940 3345 999 3389; x_wconf 84' lang='lat' dir='ltr'><strong>se-</strong></span> 
     </span>
     <span class='ocr_line' id='line_1_29' title="bbox 233 3425 999 3502; baseline 0.004 -19"><span class='ocrx_word' id='word_1_147' title='bbox 233 3433 378 3500; x_wconf 89' lang='lat' dir='ltr'><strong>quuntur</strong></span> <span class='ocrx_word' id='word_1_148' title='bbox 399 3425 599 3485; x_wconf 85' lang='lat' dir='ltr'><strong>voluntates:</strong></span> <span class='ocrx_word' id='word_1_149' title='bbox 621 3425 762 3502; x_wconf 90' lang='lat' dir='ltr'><strong>ideoque</strong></span> <span class='ocrx_word' id='word_1_150' title='bbox 777 3443 891 3502; x_wconf 90' lang='lat' dir='ltr'><strong>parum</strong></span> <span class='ocrx_word' id='word_1_151' title='bbox 911 3443 999 3501; x_wconf 91' lang='lat' dir='ltr'><strong>pon-</strong></span> 
     </span>
    </p>
   </div>
   <div class='ocr_carea' id='block_1_7' title="bbox 233 3520 998 3666">
    <p class='ocr_par' dir='ltr' id='par_1_7' title="bbox 233 3520 998 3666">
     <span class='ocr_line' id='line_1_30' title="bbox 233 3520 998 3584; baseline 0.007 -5"><span class='ocrx_word' id='word_1_152' title='bbox 233 3520 347 3580; x_wconf 84' lang='lat' dir='ltr'><strong>derant</strong></span> <span class='ocrx_word' id='word_1_153' title='bbox 375 3537 452 3580; x_wconf 91' lang='lat' dir='ltr'><strong>suas</strong></span> <span class='ocrx_word' id='word_1_154' title='bbox 480 3522 717 3583; x_wconf 88' lang='lat' dir='ltr'><strong>tribulationes.</strong></span> <span class='ocrx_word' id='word_1_155' title='bbox 760 3523 837 3583; x_wconf 90' lang='lat' dir='ltr'><strong>Esto</strong></span> <span class='ocrx_word' id='word_1_156' title='bbox 865 3522 910 3583; x_wconf 89' lang='lat' dir='ltr'><strong>ita</strong></span> <span class='ocrx_word' id='word_1_157' title='bbox 931 3523 998 3584; x_wconf 87' lang='lat' dir='ltr'><strong>sit:</strong></span> 
     </span>
     <span class='ocr_line' id='line_1_31' title="bbox 594 3625 633 3666; baseline 0 0"><span class='ocrx_word' id='word_1_158' title='bbox 594 3625 633 3666; x_wconf 85' lang='lat' dir='ltr'><strong>ros</strong></span> 
     </span>
    </p>
   </div>
   <div class='ocr_carea' id='block_1_8' title="bbox 0 0 1099 4194">
    <p class='ocr_par' dir='ltr' id='par_1_8' title="bbox 0 0 1099 4194">
     <span class='ocr_line' id='line_1_32' title="bbox 0 0 1099 4194; baseline 0 0"><span class='ocrx_word' id='word_1_159' title='bbox 0 0 1099 4194; x_wconf 95' lang='lat' dir='ltr'><strong> </strong></span> 
     </span>
    </p>
   </div>
  </div>
 </body>
</html>
