2138 4196
171 414 292 466 &Q
363 413 402 456 DE
418 403 597 455 lMlTATlONE
612 410 736 454 CHRISTI
807 412 934 464 Q

172 564 324 624 magnum
353 545 409 607 tibi
432 545 581 606 videatur
608 562 648 605 ex
669 545 822 605 omnibus
844 561 933 622 quae

172 643 250 720 agis.
300 643 354 702 Nil
383 641 504 719 grande
532 640 577 702 nil
607 642 785 718 pretiosum
815 651 847 701 et
874 642 933 701 ad·

173 739 330 816 mirabile,
345 739 390 801 nil
402 738 604 814 reputatione
617 749 768 815 appareat
779 739 933 816 dignum3

173 839 217 899 nil
240 839 338 899 altum
361 837 406 899 nil
428 855 506 898 vere
528 837 689 898 laudabile
711 847 743 898 et
764 837 933 898 desidera·

149 936 253 1000 abile:
282 936 345 996 nisi
375 935 461 1012 quod
490 945 659 996 aeternum
689 945 748 996 est.
799 935 933 994 Placeat

173 1033 229 1095 tibi
259 1050 359 1110 super
389 1034 498 1094 omnia
528 1044 661 1094 aeterna
689 1033 833 1094 Veritas:
864 1033 933 1093 dis·

173 1130 290 1206 pliceat
318 1130 374 1190 tibi
404 1148 537 1208 semper
565 1141 619 1192 tua
647 1131 787 1191 maxima
811 1131 933 1192 vilitas.

174 1228 228 1287 Nil
258 1228 305 1288 sic
334 1228 450 1289 timeas
479 1229 526 1288 sic
555 1229 722 1305 vituperes
754 1239 785 1290 et
815 1228 934 1305 fugias,

174 1326 258 1387 sicut
286 1326 364 1386 vitia
392 1336 424 1387 et
453 1336 585 1402 peccata
612 1337 682 1387 tua:
714 1342 797 1403 quae
826 1326 934 1404 magis

139 1447 165 1489 to
174 1423 348 1500 displicere
370 1425 489 1484 debent
513 1441 609 1501 quam
635 1423 798 1502 quaelibet
820 1440 933 1484 rerum

174 1522 300 1581 damna.
341 1520 482 1598 Quidam
506 1538 571 1581 non
594 1521 723 1583 sincere
745 1540 854 1583 coram
876 1540 935 1584 me

174 1618 355 1693 ambulant;
377 1619 435 1678 sed
458 1619 595 1696 quadam
619 1620 807 1680 curiositate
829 1631 862 1680 et
882 1638 935 1681 ar·

175 1715 319 1792 rogantia
348 1716 434 1777 ducti
457 1718 571 1777 volunt
595 1727 723 1778 secreta
750 1733 824 1776 mea
845 1717 936 1778 scire

175 1824 207 1874 et
228 1815 291 1874 alta
313 1813 373 1874 Dei
397 1813 603 1891 intellegere:
625 1832 662 1875 se
684 1825 716 1876 et
731 1832 823 1875 suam
847 1815 936 1874 salu-

142 1921 240 1979 15tem
269 1911 490 1987 neglegentes.
534 1912 576 1972 Hi
607 1929 706 1989 saepe
735 1913 769 1972 in
797 1930 937 1989 magnas

175 2009 404 2086 temptationes
426 2019 458 2070 et
473 2019 605 2086 peccata
619 2021 751 2087 propter
765 2027 859 2070 suam
881 2029 937 2071 su·

176 2107 320 2184 perbiam
350 2117 382 2167 et
410 2107 631 2168 curiositatem
661 2125 713 2168 me
742 2107 791 2168 eis
820 2108 937 2168 adver·

176 2215 268 2266 sante
296 2204 456 2265 labuntur.
501 2201 593 2264 Time
622 2204 742 2265 iudicia
771 2205 851 2265 Dei:
882 2223 938 2266 ex·

176 2320 316 2379 pavesce
338 2303 419 2386 iram
442 2300 695 2378 Omnipotentis.
726 2302 801 2362 Noli
825 2313 936 2363 autem

139 2398 340 2464 aodiscutere
355 2415 454 2474 opera
469 2398 648 2475 Altissimi3
663 2399 721 2459 sed
733 2408 805 2459 tuas
816 2398 938 2476 iniqui·

176 2508 258 2559 tates
288 2506 494 2574 perscrutare
524 2496 558 2556 in
589 2495 719 2573 quantis
750 2495 937 2574 deliquisti:

176 2605 208 2656 et
230 2611 326 2672 quam
349 2595 450 2655 multa
471 2595 556 2654 bona
577 2593 759 2671 neglexisti.
791 2593 937 2671 Quidam

176 2694 282 2753 solum
299 2702 427 2769 portant
444 2709 536 2752 suam
552 2692 759 2753 devotionem
776 2692 810 2752 in
826 2693 938 2770 libris3

177 2790 307 2868 quidam
330 2790 363 2850 in
386 2790 597 2867 imaginibus:
620 2788 750 2866 quidam
769 2799 879 2849 autem
903 2791 937 2852 in

140 2888 280 2965 assignis
311 2887 527 2948 exterioribus
558 2897 590 2948 et
619 2886 740 2963 liguris.
792 2887 936 2964 Quidam

177 2986 297 3046 habent
319 3002 372 3046 me
401 2986 434 3045 in
457 3002 529 3045 ore:
558 2985 616 3044 sed
641 2985 806 3045 modicum
829 2987 938 3047 estin

178 3085 285 3144 corde.
315 3082 398 3144 Sunt
419 3081 472 3142 alii
496 3081 550 3159 qui
572 3082 739 3142 intellectu
762 3081 937 3145 illuminati

178 3191 209 3242 et
231 3181 349 3242 affectu
373 3179 497 3257 purgati
520 3179 559 3239 ad
581 3189 713 3239 aeterna
727 3197 861 3257 semper
882 3199 939 3242 an·

178 3280 304 3353 helant3
327 3279 367 3338 de
389 3277 529 3338 terrenis
549 3277 691 3354 graviter
711 3276 858 3352 audiunt,
882 3294 939 3337 ne·

141 3375 386 3442 sucessitatibus
408 3386 542 3437 naturae
564 3375 713 3436 dolenter
734 3375 939 3435 inserviunt:

179 3473 265 3535 ethi
289 3473 434 3534 sentiunt
455 3473 532 3549 quid
560 3472 694 3549 spiritus
722 3471 870 3532 veritatis
894 3473 940 3532 lo·

540 3576 578 3618 rso
