2156 4168
524 423 688 481 Epilegoment.

233 563 298 635 119,
318 577 352 620 ao.
363 577 386 618 21
404 576 518 636 corpus
539 560 648 621 christi
668 565 700 620 et
719 576 812 620 sacro
828 559 986 634 scriptura

231 641 368 700 maxime
393 642 461 701 sint
486 641 628 711 ΑΒΗ),
655 657 749 701 sacro
776 640 936 715 scriptura
956 644 988 699 et

230 717 343 795 corpus
364 721 474 782 christi
502 721 640 781 maxime
661 721 705 781 sit
727 721 759 780 N
764 736 776 791 ;
808 724 881 796 124,
905 731 927 778 ¹n
957 725 987 779 et

230 801 364 873 ABCD,
387 819 450 862 orn.
465 802 498 861 N
502 817 515 871 ;
542 805 607 877 135,
628 801 756 861 laudii
777 817 850 860 eum
865 800 986 875 gaudio

230 880 333 952 Aci),
355 883 450 942 audit
468 898 540 941 eum
563 898 634 942 cum
651 881 772 956 gaudio
786 882 869 951 BN;
895 884 988 956 184‚o

231 978 271 1022 ne
291 962 429 1033 ANCD,
458 977 523 1022 non
544 963 591 1032 Β;
622 965 742 1038 196,12
768 962 824 1022 sed
847 960 986 1030 ANCD,
1060 941 1062 1056 l

231 1059 294 1102 orn.
309 1043 355 1113 B;
373 1046 443 1118 218,
457 1059 538 1100 21-24
553 1043 637 1103 unde
650 1077 690 1084 —
704 1047 862 1112 creatura,
878 1059 942 1101 orn.
958 1041 990 1100 N

229 1122 354 1197 (errore
382 1123 581 1199 oculorum);
611 1125 688 1198 233,
715 1139 728 1179 s
755 1123 822 1182 sint
850 1121 986 1191 ABCD,

229 1208 306 1263 sunt
319 1203 352 1262 N
356 1219 368 1273 ;
388 1207 458 1279 252,
472 1221 486 1261 s
499 1202 622 1280 sufficit
634 1203 769 1274 ABCD,
789 1203 936 1280 sufficiat
949 1203 987 1262 Ν.

272 1283 317 1344 Ex
349 1284 500 1344 omnibus
531 1284 583 1343 his
614 1283 696 1343 locis
724 1284 789 1343 duo
819 1292 988 1360 praeterea
1062 1333 1063 1340 t

231 1363 435 1440 efficiuntur,
463 1381 572 1440 neque
593 1364 702 1424 omnia
730 1363 949 1424 additamenta
970 1381 988 1422 a

231 1444 371 1504 librariis
387 1446 500 1505 eadem
515 1453 570 1504 aut
585 1444 751 1521 diligentia
761 1444 988 1504 animadversa
1063 1482 1064 1494 ,

231 1541 306 1585 esse
328 1533 382 1585 aut
401 1525 608 1585 accuratione
623 1525 795 1600 descripta,
817 1533 849 1585 et
864 1541 907 1584 ne
923 1526 987 1600 pal·
1063 1577 1064 1588 ,

230 1605 328 1665 lidius
350 1605 481 1681 quidem
502 1614 727 1680 atramentum,
749 1622 814 1682 quo
835 1605 923 1664 haud
945 1605 988 1664 ita
1063 1603 1064 1636 ³

231 1702 332 1761 pauca
354 1702 467 1745 eorum
491 1695 620 1746 exarata
640 1696 733 1761 sunt,
757 1702 816 1762 per
839 1702 876 1745 se
898 1685 987 1762 quic·
1063 1731 1064 1742 ,

231 1782 327 1841 quam
350 1766 455 1826 iustae
471 1765 681 1826 dubitationis
696 1766 816 1826 habere
829 1769 847 1825 ¹.
878 1764 988 1843 Atque

231 1855 266 1906 ut
287 1846 446 1906 memoria
461 1845 523 1905 viri
539 1847 579 1906 de
594 1845 719 1907 Thoma
734 1845 856 1922 optime
879 1846 986 1906 meriti

230 1925 377 2003 mihique
413 1926 617 1986 dilectissimi
653 1926 752 1986 huius
788 1925 850 1986 loci
888 1926 987 1986 llnem

232 2006 365 2082 faciam,
395 2006 507 2067 dubito
538 2024 578 2066 an
609 2005 723 2067 Victor
754 2007 901 2081 Becker,
932 2006 987 2084 qui

231 2097 305 2147 ante
334 2089 396 2147 hos
423 2088 537 2147 decem
566 2103 670 2147 annos
698 2087 731 2147 in
761 2086 901 2163 epistula
928 2104 989 2146 suo

230 2183 322 2227 more
337 2167 548 2227 humanitatis
563 2178 595 2227 et
610 2168 777 2227 doctrinae
791 2169 888 2243 plena
907 2167 989 2227 mihi

231 2247 362 2323 scripsit
388 2251 438 2322 36,
462 2263 486 2305 ιε
514 2247 616 2322 ipsius
643 2256 676 2307 et
695 2250 745 2323 60,
765 2264 793 2305 ao
812 2247 898 2307 sicut
922 2264 989 2307 non

231 2345 249 2386 a
263 2325 408 2388 Thomae
423 2344 521 2387 manu
536 2327 682 2404 proiecta
704 2345 778 2388 esse
795 2327 856 2387 sibi
872 2327 991 2403 videri,
1065 2337 1066 2364 1

231 2407 259 2467 si
288 2409 372 2467 hanc
401 2408 653 2484 disputationem
680 2409 829 2485 legisset,
857 2408 891 2468 in
914 2425 991 2468 sen-

156 2551 159 2558 ,
230 2488 332 2548 tentia
353 2506 413 2548 sua
433 2497 703 2564 perseveraturus
724 2505 790 2548 non
813 2488 921 2549 luerit.

272 2567 305 2628 Si
329 2569 381 2628 cui
404 2569 437 2628 in
459 2570 519 2628 hac
535 2568 724 2645 prolusione
746 2569 831 2628 iusto
848 2568 991 2629 fortasse

232 2648 360 2726 longius
382 2658 527 2709 moratus
549 2665 624 2710 esse
646 2649 772 2724 videar,
798 2650 861 2709 hoc
884 2651 990 2710 semel

232 2729 353 2789 dictum
375 2729 467 2804 volo,
495 2746 570 2789 cum
597 2729 734 2790 aliorum
762 2729 906 2789 rationes
936 2731 991 2790 ad-

233 2809 392 2870 ferentem
424 2826 460 2869 ac
491 2810 687 2870 refutantem
717 2820 784 2870 tum
814 2827 905 2869 meas
936 2827 991 2870 ex-

232 2900 407 2965 ponentem
430 2898 526 2967 atque
549 2889 795 2950 confirmantem
811 2891 909 2950 malle
936 2907 991 2950 me

232 2969 265 3028 in
274 2970 404 3046 putidae
413 2970 598 3046 diligentiae
609 2971 734 3031 crimen
745 2971 915 3031 incurrere
928 2972 991 3030 hac

232 3049 265 3110 in
282 3068 316 3111 re
332 3068 350 3110 a
364 3067 417 3110 me
432 3050 672 3126 dissidentium,
687 3069 784 3127 quam
801 3051 990 3127 superciliis

233 3130 369 3191 sublatis
380 3131 603 3206 hariolantem,
611 3149 677 3208 quo
685 3131 738 3191 vix
749 3131 925 3208 quicquam
937 3132 991 3191 his

232 3275 392 3282 ...ψ

273 3359 282 3386 ¹
297 3357 371 3399 Cuius
386 3359 417 3400 rei
434 3359 521 3410 insigne
531 3357 658 3453 exemplum
668 3366 702 3399 est
718 3357 744 3399 12
766 3378 785 3405 u
796 3357 877 3410 faerit,
893 3370 935 3411 pro
945 3369 990 3410 quo

233 3413 255 3452 in
271 3411 288 3452 Α
303 3413 429 3464 compendii
445 3414 510 3464 slgno
524 3413 587 3454 evanl
605 3424 618 3452 o
635 3387 763 3464 suppullide
782 3413 892 3464 scriptum
909 3413 990 3464 legitur

229 3465 291 3558 galil,
300 3465 362 3558 18¹¹}le
363 3465 415 3559 ἕυὶῐίῃ
411 3465 542 3559 cgtiuerit,
557 3466 616 3519 quod
627 3466 650 3506 ln
662 3463 680 3506 G
691 3473 742 3517 post
751 3465 869 3506 subiectior
878 3467 988 3518 positum,

590 3595 630 3639 478
