2160 4194
292 455 433 499 EPISTVLA
449 456 569 499 DEVOTA
583 457 624 500 AD
638 456 786 511 QVENDAM
802 455 984 500 REGVLAREM

259 607 326 651 non
357 602 435 652 sunt
465 589 590 650 homini
621 590 809 651 necessaria
838 589 924 650 scire
954 606 1013 650 nec

260 690 398 751 habere:
420 690 479 750 sed
495 689 668 750 curiositas
690 699 722 750 et
736 687 870 748 avaritia
883 689 1014 748 trahunt

259 788 299 847 ad
330 789 431 848 multa
461 787 589 847 animae
620 786 746 846 nociva.
799 786 929 846 Placeat
958 785 1013 846 tibi

260 896 393 961 propter
428 883 599 946 Christum
635 883 774 959 simplex
809 883 950 944 vestitus
985 893 1015 943 et
1060 850 1067 960 i

237 983 368 1042 ssobria
384 999 514 1043 mensa:
536 999 597 1042 nec
613 999 751 1058 quaeras
766 982 909 1058 pretiosa
924 999 1014 1042 oma-
1063 961 1067 1083 ξ

260 1091 378 1142 menta.
421 1080 577 1143 Christus
605 1090 691 1140 amat
711 1097 768 1140 cor
789 1097 922 1157 purum,
950 1096 1015 1140 non

259 1196 393 1255 cappam
416 1177 603 1255 pulchram:
631 1196 739 1256 neque
764 1179 908 1240 casulam
938 1179 1015 1239 seri·

260 1294 330 1337 cam
346 1276 428 1336 mira
442 1277 599 1338 varietate
615 1287 808 1339 contextam.
832 1277 908 1337 Non
923 1287 1015 1352 optes

259 1385 294 1435 ut
316 1374 551 1435 monasterium
573 1383 665 1435 tuum
683 1374 825 1434 abundet
840 1373 965 1434 divitiis
985 1383 1015 1432 et

225 1472 333 1533 roaltis
363 1471 538 1532 aedificiis:
573 1471 633 1531 sed
663 1481 698 1531 ut
733 1470 870 1530 floreant
901 1486 1015 1530 omnes

260 1570 377 1630 iratres
391 1569 487 1629 bonis
498 1569 644 1629 moribus
656 1578 688 1629 et
698 1568 873 1629 virtutibus
884 1567 1015 1628 sanctis.

260 1667 298 1728 Et
313 1667 340 1726 si
357 1665 475 1727 alicubi
491 1667 627 1742 pulchra
642 1677 675 1727 et
689 1676 881 1742 sumptuosa
895 1665 1016 1739 videas,

259 1780 417 1824 excusare
445 1775 538 1840 potes
570 1776 602 1826 et
632 1766 771 1827 tolerare
802 1782 860 1842 pro
892 1766 1016 1825 honore

259 1862 321 1922 Dei
351 1872 383 1922 et
411 1864 596 1924 reverentia
625 1864 705 1924 loci:
734 1864 792 1924 sed
821 1880 887 1924 non
916 1863 1017 1923 debes

225 1975 249 2017 rs
258 1959 380 2018 similia
400 1959 565 2022 affectare.
1071 2039 1072 2042 Ἴ

300 2057 441 2134 Quando
457 2058 616 2135 relinquis
631 2058 755 2119 amicos
772 2069 905 2135 propter
920 2057 1018 2120 Chri·
1070 2099 1073 2136 ,

259 2165 345 2215 stum
369 2165 401 2215 et
421 2172 487 2215 non
508 2157 639 2233 quaeris
655 2156 898 2217 consolationes
914 2157 1018 2217 homi·

259 2269 349 2328 num,
364 2253 421 2313 sed
433 2270 607 2329 permanes
622 2254 655 2314 in
671 2254 754 2314 cella
769 2253 919 2315 iaciendo
935 2270 1020 2330 opus

258 2358 367 2410 tuum:
403 2360 480 2411 tunc
511 2353 614 2414 aderit
645 2352 702 2414 tibi
733 2353 835 2429 gratia
865 2352 1020 2412 caelestis

222 2462 249 2504 ao
258 2447 473 2509 illuminando
484 2466 541 2510 cor
551 2460 660 2526 tuum3
675 2460 708 2511 et
717 2452 904 2527 gaudebunt
918 2468 1021 2527 super

258 2555 290 2606 te
312 2546 419 2622 angeli
442 2547 557 2623 sancti,
582 2558 614 2609 et
635 2548 821 2610 custodient
843 2559 876 2610 te
897 2549 937 2609 ab
960 2549 1021 2608 im·

258 2643 512 2720 pugnationibus
523 2645 648 2706 inimici
664 2663 705 2706 ne
721 2646 932 2707 dominentur
946 2645 1021 2707 tibi:

258 2740 316 2800 sed
336 2740 474 2802 viriiiter
495 2759 572 2818 ages
588 2753 619 2804 ct
638 2743 791 2820 precibus
807 2743 855 2804 eis
871 2744 1021 2805 resistes.

300 2837 395 2914 Quae
424 2839 463 2898 ad
486 2841 688 2900 saecularem
717 2840 888 2901 scientiam
915 2852 948 2903 et
970 2859 1021 2902 re·

221 2936 460 3012 asputationem
501 2939 680 2999 humunam
716 2941 849 2999 trahunt
884 2939 1021 3000 omnino
1071 2919 1073 2934 ¹

260 3050 394 3094 caveas:
417 3036 474 3096 sed
491 3052 623 3111 semper
637 3035 773 3096 humilia
792 3046 918 3097 sectare
934 3037 1022 3099 sicut

262 3131 412 3193 iecerunt
434 3133 529 3194 lesus
551 3143 583 3194 et
603 3134 696 3195 beata
711 3134 802 3211 virgo
818 3135 934 3196 Maria.
964 3135 1021 3197 At·

258 3229 357 3290 tende
380 3246 511 3307 quoque
532 3231 631 3292 vitam
647 3231 827 3293 doctrinam
849 3243 881 3294 et
896 3234 1021 3310 patien-

260 3325 337 3386 tiam
369 3337 574 3389 sanctorum:
606 3328 660 3404 qui
692 3329 876 3391 habuerunt
907 3349 1020 3392 veram

220 3422 452 3498 aosapicntiam
483 3442 542 3501 per
571 3443 668 3503 quam
697 3427 758 3487 soli
789 3430 860 3488 Deo
889 3429 1020 3505 placere
1071 3465 1073 3494 t

258 3520 463 3581 studuerunt.
488 3522 813 3585 PiusDominusnon
822 3525 1021 3604 derelinquit

620 3627 661 3670 aar
