2142 4194
80 1234 121 1294 ln
147 1233 211 1293 lioc
232 1231 396 1292 volumine
417 1232 452 1291 hi
473 1231 575 1291 libelli
595 1230 801 1291 continentur

54 1379 112 1440 Qui
133 1379 259 1440 sequitur
276 1392 317 1427 me
335 1391 387 1426 non
405 1377 520 1426 ambulat
538 1377 563 1425 iu
581 1378 695 1426 tenebris

57 1459 186 1522 Regnum
206 1458 254 1506 Dei
272 1458 338 1506 intra
355 1471 404 1506 vos
421 1465 461 1505 est
478 1457 539 1505 dicit
557 1456 687 1506 Dominus

57 1538 98 1587 De
117 1547 297 1587 sacramento.
315 1537 409 1586 Venite
426 1536 459 1584 ad
476 1550 517 1584 me
534 1551 626 1586 omnes
638 1537 682 1598 qui
700 1539 824 1586 laboratis

56 1619 179 1668 Audiam
197 1618 260 1678 quid
276 1618 397 1678 loquatur
414 1618 440 1665 in
458 1631 499 1666 me
518 1617 648 1666 Dominus
666 1618 739 1666 Deus
834 1626 847 1664 5

57 1699 99 1747 De
112 1698 259 1760 disciplina
270 1697 446 1745 claustralium
460 1697 652 1758 Apprehendite
660 1698 823 1759 disciplinam

57 1779 186 1841 Epistula
208 1779 301 1827 devota
323 1777 355 1825 ad
376 1777 505 1838 quendam
527 1779 671 1838 regularem
690 1778 743 1825 Ista
764 1787 825 1826 sunt

175 1857 314 1919 praecipue
331 1856 478 1904 necessaria

59 1936 241 1986 Renovamini
260 1945 345 1984 autem
362 1936 455 1996 spiritu
472 1937 567 1985 mentis
584 1946 694 1986 vestrae.

20 2040 21 2044 ¹
58 2016 191 2079 Cognovi
209 2016 323 2065 Domine
339 2016 401 2077 quia
419 2017 536 2078 aequitas
554 2017 649 2064 iudicia
666 2025 710 2065 tua
836 2027 860 2065 ιο

21 2129 22 2133 ,
60 2096 298 2145 Recommeudatio
315 2095 477 2143 humilitatis.
497 2095 596 2145 Discite
613 2110 628 2144 a
645 2111 686 2145 me

61 2177 105 2224 De
124 2176 277 2224 mortificata
295 2176 356 2223 vita.
374 2174 515 2224 Gloriosus
533 2178 669 2237 apostolus
688 2177 785 2224 Paulus

63 2256 107 2304 De
125 2257 195 2304 bona
212 2255 319 2317 pacifica
336 2255 397 2302 vita.
415 2253 442 2302 Si
460 2255 501 2302 vis
519 2255 575 2303 Deo
594 2256 670 2317 digne

64 2335 108 2383 De
124 2337 272 2384 elevatione
288 2335 392 2383 mentis.
410 2334 506 2383 Vacate
522 2344 547 2383 et
565 2335 649 2384 videte
661 2350 719 2384 cum
732 2337 824 2385 ceteris

64 2415 161 2464 Brevis
179 2415 331 2464 admonitio.
349 2414 388 2462 Ab
405 2416 577 2464 exterioribus
594 2425 641 2466 etc.
813 2419 821 2442 ³
836 2431 860 2469 15

105 3644 194 3685 Tiromae
204 3655 217 3684 a
228 3642 257 3684 K.
268 3640 355 3694 Opera.
372 3640 401 3683 ll.
438 3642 446 3680 1
