2146 4194
227 470 348 523 mm
419 470 458 512 DE
474 467 653 512 ΙΜΙΤΑΤΙΟΝΕ
670 467 794 512 CHRISTI
867 468 986 521 &Q

229 602 317 680 Quia
330 603 432 664 multa
447 604 531 664 mala
553 604 587 664 in
602 605 662 663 bac
676 603 761 663 valle
779 602 985 662 miseriarum

229 713 406 763 occurrunt
435 720 519 779 quae
548 720 601 763 me
632 700 764 776 saepius
793 700 986 760 conturbant

229 799 421 860 contristant
457 810 489 861 et
524 799 729 873 obnubilant;
765 798 897 874 saepius
929 797 985 857 im-

229 898 364 974 pediunt
394 908 426 959 et
457 898 659 974 distrahunt,
691 897 837 957 alliciunt
869 906 901 957 et
928 896 985 956 im-

207 996 366 1073 splicant:
402 1013 444 1056 ne
475 996 615 1056 liberum
646 995 783 1055 habeam
814 1011 984 1055 accessum

228 1094 268 1154 ad
290 1104 339 1169 te,
368 1104 400 1154 et
421 1111 463 1154 ne
492 1094 645 1154 iucundis
672 1094 762 1154 iruar
783 1091 985 1169 amplexibus

229 1200 359 1267 praesto
381 1208 512 1267 semper
526 1191 630 1251 beatis
645 1190 823 1266 spiritibus.
854 1189 986 1251 Moveat

229 1298 261 1348 te
276 1287 454 1364 suspirium
470 1307 580 1349 meum
597 1300 629 1350 et
644 1287 801 1349 desolatio
817 1286 986 1362 multiplex

230 1386 263 1447 in
278 1396 379 1446 terra:
396 1386 501 1446 olesu
518 1387 673 1462 splendor
688 1396 839 1446 aeternae
855 1385 987 1463 gloriae,

196 1502 220 1543 ro
229 1484 375 1544 solamen
398 1483 635 1561 peregrinantis
657 1484 795 1544 animae.
836 1482 934 1559 Apud
956 1494 986 1544 te

229 1592 279 1642 est
310 1599 347 1641 os
379 1599 487 1642 meum
520 1583 592 1642 sine
625 1599 723 1642 voce:
755 1591 787 1643 et
817 1581 986 1641 silentium

229 1696 339 1740 meum
371 1679 514 1756 loquitur
549 1678 616 1739 tibi.
667 1679 848 1755 Vsquequo
884 1679 988 1740 tardat

229 1775 343 1836 venire
366 1775 528 1837 Dominus
555 1776 676 1837 meus?
717 1776 836 1836 Veniat
864 1776 905 1836 ad
935 1793 987 1836 me

229 1873 464 1950 pauperculum
500 1892 615 1935 suum:
656 1884 688 1935 et
724 1873 844 1933 laetum
882 1873 988 1933 iaciat.

196 1973 338 2034 isblittat
360 1988 491 2033 manum
515 1988 624 2031 suam:
647 1982 679 2032 et
695 1971 852 2046 miserum
873 1971 990 2047 eripiat

229 2072 270 2131 de
292 2070 380 2130 omni
404 2069 562 2146 angustia.
594 2069 678 2130 Veni
701 2068 795 2129 veni:
817 2068 893 2144 quia
915 2069 989 2129 sine

230 2177 262 2227 te
288 2166 377 2227 nulla
405 2166 466 2227 erit
496 2167 579 2228 laeta
607 2167 678 2227 dies
704 2177 759 2227 aut
787 2167 882 2226 hora:
912 2167 990 2243 quia

230 2276 263 2326 tu
279 2265 400 2325 laetitia
416 2281 488 2324 mea
503 2274 535 2325 et
553 2264 625 2324 sine
644 2273 676 2324 te
690 2281 793 2324 vacua
807 2273 858 2323 est
873 2280 991 2324 mensa

230 2379 311 2422 mea.
344 2362 450 2422 Miser
471 2379 545 2422 sum
568 2372 600 2423 et
621 2361 861 2438 quodammodo
883 2361 990 2421 incar·

193 2470 360 2521 mceratus
388 2469 420 2519 et
444 2459 657 2535 compedibus
685 2468 854 2536 gravatus3
883 2459 991 2520 donec
1070 2481 1071 2490 ¹

230 2559 303 2618 luce
318 2555 523 2633 praesentiae
539 2565 614 2615 tuae
629 2572 682 2616 me
697 2555 825 2616 reficias
839 2573 876 2616 ac
892 2556 991 2616 liber·

230 2655 284 2716 tati
317 2654 438 2714 dones:
474 2654 667 2730 vultumque
698 2651 902 2713 amicabilem
934 2654 992 2713 de·

230 2761 403 2811 monstres.
455 2749 623 2826 Quaerant
654 2751 707 2810 alii
739 2768 798 2827 pro
833 2760 867 2810 te
900 2751 992 2811 aliud
1069 2801 1070 2806 ,

230 2850 459 2927 quodcumque
482 2848 628 2924 libuerit;
651 2849 729 2909 mihi
746 2848 833 2908 aliud
856 2848 991 2909 interim

193 2946 275 3008 asnil
291 2947 395 3021 placet
410 2962 471 3006 nec
487 2945 643 3022 placebit:
659 2946 722 3006 nisi
739 2955 772 3005 tu
785 2947 877 3006 Deus
893 2963 994 3007 meus

230 3059 306 3119 spes
332 3060 420 3117 mea,
449 3043 538 3103 salus
560 3053 702 3103 aeterna
745 3043 820 3103 Non
843 3043 994 3104 reticebo
1068 3033 1069 3038 ¹

230 3157 291 3201 nec
313 3140 480 3216 deprecari
504 3141 659 3216 cessabo;
685 3140 788 3200 donec
810 3140 914 3217 gratia
935 3152 996 3202 tua

230 3247 427 3300 revertatur:
464 3238 611 3315 mihique
646 3249 680 3298 tu
712 3238 801 3298 intus
832 3239 996 3317 loquaris.

231 3337 315 3396 Ecce
343 3353 472 3412 assum3
500 3352 578 3396 ecce
607 3353 667 3412 ego
696 3335 735 3395 ad
764 3345 812 3396 te:
842 3338 920 3414 quia
944 3339 998 3398 in·
1067 3379 1068 3392 ,

193 3434 352 3496 novocasti
376 3451 438 3494 me.
469 3433 635 3493 Lacrimae
649 3444 724 3494 tuae
740 3443 772 3493 et
786 3433 998 3496 desiderium

230 3531 357 3591 animae
379 3541 470 3591 tuae:
499 3531 681 3592 humiliatio
703 3541 758 3591 tua
781 3540 814 3591 et
836 3535 1000 3596 contritio

590 3635 628 3676 rat
