2160 4194
156 452 298 495 EPISTVLA
314 451 433 494 DEVOTA
447 452 487 494 AD
503 451 651 506 QVENDAM
668 451 849 495 REGVLAREM

125 586 213 647 enim
229 596 298 647 orat
313 594 446 646 sanctus
462 585 565 647 David
582 604 719 663 magnus
734 585 881 662 cognitor

125 683 316 745 caelestium
345 693 557 744 secretorum.
607 683 747 744 Domine
778 683 818 742 ad
848 692 880 743 te

125 781 275 858 confugi:
290 781 372 841 doce
383 799 436 842 me
448 781 556 843 lacere
572 782 771 844 voluntatem
782 791 880 842 tuam.

127 878 293 956 Quicquid
322 895 399 956 ergo
428 879 637 941 humiliorem
663 890 695 941 te
717 897 782 940 non
806 879 881 939 lacit

126 986 158 1037 et
180 976 218 1036 ad
234 975 340 1036 maius
355 976 594 1053 beneplacitum
612 977 672 1038 Dei
687 994 753 1037 non
769 976 904 1051 tendit,5

126 1073 193 1133 noli
210 1090 330 1150 cupere
341 1091 402 1134 nec
414 1091 545 1134 curare:
561 1073 637 1151 quia
647 1075 718 1135 Deo
729 1073 882 1150 obligaris

126 1171 280 1232 mundam
297 1188 429 1231 servare
446 1172 690 1248 conscientiam,
713 1183 744 1234 et
759 1172 880 1232 saeculi

126 1269 256 1329 abicere
278 1269 464 1329 vanitatem.

168 1366 276 1426 Verba
299 1366 430 1426 Domini
454 1367 556 1427 nostri
574 1367 648 1427 lesu
664 1366 790 1429 Christi
807 1384 881 1426 cum

126 1481 244 1541 magna
271 1464 438 1542 diligentia
466 1466 614 1541 attende3
644 1474 676 1525 et
705 1463 917 1527 Davidicosro

125 1562 271 1638 psalmos
293 1579 391 1638 saepe
413 1561 557 1622 rumina:
586 1561 662 1638 quia
682 1562 716 1621 in
744 1561 810 1622 illis
832 1570 882 1621 est

126 1676 206 1719 vera
233 1659 393 1736 sapientia
417 1669 449 1720 et
470 1659 560 1719 salus
581 1669 645 1720 tua.
689 1658 880 1718 Passionem

126 1756 255 1819 Christi
272 1767 303 1818 et
317 1757 455 1817 vulnera
469 1757 544 1817 lesu
560 1757 593 1816 in
609 1757 707 1817 corde
722 1766 777 1816 tuo
788 1755 880 1832 quasi

125 1855 162 1915 in
190 1854 272 1915 libro
295 1855 418 1915 scribe:
448 1865 480 1916 et
501 1864 599 1916 totam
624 1871 716 1931 spem
739 1864 825 1915 tuam
848 1853 881 1912 in

125 1951 254 2013 meritis
286 1952 411 2014 Christi
448 1963 480 2014 et
510 1963 696 2014 sanctorum
730 1950 882 2028 precibus
894 1976 919 2016 15

125 2066 223 2126 pone.
275 2049 362 2128 Quid
399 2050 486 2111 enim
523 2067 583 2110 nos
620 2049 751 2126 fragiles
786 2065 882 2125 agere

124 2163 321 2222 possumus:
353 2147 416 2208 nisi
448 2149 535 2225 quod
563 2148 700 2208 multum
732 2147 882 2208 humilie-

126 2260 203 2303 mus
225 2261 285 2304 nos
300 2246 362 2305 sub
378 2246 501 2322 potenti
518 2262 615 2306 manu
632 2245 705 2320 Dei,
726 2254 758 2305 et
773 2261 881 2305 coram

125 2342 201 2417 ipso
222 2343 372 2417 prostrati
395 2344 525 2404 veniam
547 2344 723 2420 petamus?

171 2437 365 2499 Resistendo
394 2439 482 2501 vitiis
514 2449 546 2500 et
575 2440 757 2502 insistendo
788 2439 919 2503 bonisao

125 2535 294 2596 exercitiis
325 2537 611 2613 concupiscentiae
645 2547 678 2598 et
712 2537 884 2613 passiones

125 2632 282 2709 paulatim
305 2633 496 2695 minuuntur
517 2634 550 2694 in
566 2635 677 2695 nobis:
699 2645 731 2696 et
746 2634 883 2696 virtutes

125 2729 269 2805 amplius
280 2730 482 2807 roborantur,
497 2731 541 2793 ita
551 2742 585 2793 ut
596 2733 693 2792 homo
704 2732 884 2793 delectetur

125 2828 163 2887 in
179 2827 228 2887 eis
244 2827 449 2906 frequentem
470 2839 503 2890 et
517 2829 657 2890 maxime
679 2829 706 2888 si
724 2831 882 2889 honorem

126 2924 192 2984 Dei
215 2934 246 2985 et
267 2941 333 2985 non
355 2943 450 2987 suum
467 2929 674 2988 commodum
696 2929 748 2988 vel
770 2945 883 3004 pacem
892 2951 920 2992 25

125 3021 292 3098 propriam
315 3033 465 3099 quaerat:
494 3024 570 3101 quia
593 3025 686 3086 aliter
707 3041 772 3084 non
795 3035 884 3086 esset

125 3135 247 3195 purum
269 3135 330 3179 nec
352 3138 430 3182 vere
445 3122 639 3183 virtuosum.
668 3124 751 3184 Nam
774 3123 828 3199 qui
844 3123 883 3182 ad

126 3218 237 3277 Deum
259 3217 368 3278 omnia
383 3236 482 3295 opera
496 3237 556 3280 sua
576 3237 657 3296 pure
679 3238 744 3281 non
768 3221 883 3282 relert:

124 3314 291 3390 superbus
320 3324 370 3375 est
399 3325 431 3376 et
459 3334 572 3378 vanus.
616 3317 780 3395 Quicquid
807 3318 883 3377 boni

124 3415 228 3474 homo
251 3413 343 3489 facit,
372 3413 513 3491 cogitare
541 3415 637 3475 debet
666 3415 741 3492 quia
762 3416 921 3480 donumao

124 3510 192 3572 Dei
215 3521 281 3587 est,
310 3521 341 3572 et
363 3529 428 3572 non
457 3529 494 3572 se
516 3523 644 3588 reputet
672 3512 757 3574 inde.
800 3514 883 3574 Nam

487 3616 528 3659 aar
