2178 4186
132 1093 190 1153 DE
212 1091 336 1154 BONA
360 1091 569 1154 PACIFICA
591 1093 694 1154 VITA
717 1094 815 1156 CVM

195 1189 525 1254 RESlGNATIONE
549 1190 752 1253 PROPRIA.

282 1351 293 1411 1
316 1351 367 1410 vis
391 1350 461 1410 Deo
483 1351 580 1427 digne
599 1350 727 1411 vivere:
749 1351 850 1410 debes

301 1459 333 1509 te
354 1449 462 1526 ipsum
485 1448 530 1509 illi
554 1448 729 1526 resignare.
760 1448 850 1508 Pone

302 1563 359 1606 cor
380 1555 471 1607 tuum
490 1547 529 1606 ad
546 1547 632 1623 quod
648 1564 722 1607 esse
738 1546 873 1606 debens

239 1603 279 1692 A
302 1644 742 1722 tuncpacembabesubique.
755 1645 851 1704 Prae-

95 1759 182 1820 pone
210 1741 358 1818 graviora
379 1751 524 1819 portare:
552 1751 629 1803 tunc
652 1742 778 1802 minora
807 1740 851 1801 fa·

10 1863 12 1872 ’
96 1841 193 1901 cilius
215 1839 431 1916 supportabis.
468 1839 568 1899 Disce
590 1839 622 1899 in
645 1839 797 1899 omnibus
819 1848 851 1899 te

95 1938 246 1999 vincere:
261 1947 339 1998 tunc
354 1953 466 2011 pacem
482 1935 570 1996 intus
586 1936 730 1996 habebis.
753 1935 851 2012 Quod

96 2037 201 2096 debeo
232 2037 294 2095 boc
320 2034 411 2094 volo:
442 2043 474 2096 et
505 2033 552 2093 sic
581 2034 706 2094 caelum
736 2033 887 2093 habeon

97 2134 185 2196 Cum
208 2132 362 2210 patientia
383 2141 415 2192 et
436 2130 582 2191 silentio:
605 2131 708 2191 maior
722 2147 784 2207 pax
800 2147 851 2189 ac-

96 2228 246 2309 quiritur.
289 2229 427 2306 Sapiens
449 2236 515 2288 est:
541 2227 595 2304 qui
618 2229 702 2288 bene
724 2227 851 2304 patiens

97 2339 157 2390 est.
201 2328 234 2389 Si
263 2328 399 2388 debeam
428 2344 481 2387 me
510 2336 542 2386 et
570 2325 679 2386 omnia
701 2324 851 2384 vincere:

96 2437 175 2487 tunc
190 2434 316 2502 oportet
327 2441 379 2484 nne
394 2422 671 2484 amortiiicatione
687 2422 851 2483 inchoare.

96 2522 184 2583 Ante
206 2521 315 2582 omnia
337 2520 540 2583 mortificatio
563 2520 642 2580 mihi
665 2519 887 2581 necessariae

96 2630 147 2681 est
169 2628 202 2680 et
216 2620 309 2679 bona.
340 2618 500 2696 Quamvis
520 2619 673 2678 haberem
697 2617 782 2678 istud
798 2617 850 2677 vel

96 2718 193 2778 illud:
213 2726 322 2777 tamen
338 2715 417 2775 mibi
433 2732 499 2775 non
515 2715 691 2776 sufficeret.
715 2715 851 2791 Depone

96 2831 137 2874 ex
160 2813 258 2873 corde
279 2813 385 2889 placet
407 2822 438 2873 et
460 2812 626 2888 displicet:
656 2823 688 2873 et
709 2812 790 2872 nibil
820 2821 851 2872 te

97 2911 234 2989 urgebit.
265 2911 337 2971 Eris
352 2911 483 2987 quietus
505 2911 543 2970 ab
566 2910 665 2970 intra:
688 2909 715 2969 si
738 2918 851 2969 tenen

98 3008 209 3069 fundis
238 3007 337 3068 nimis
366 3008 405 3067 ad
434 3017 533 3068 extra.
579 3007 653 3067 Noli
683 3006 888 3072 solliciterieo

98 3107 137 3167 de
152 3106 248 3166 bonis
263 3105 419 3166 terrenis:
435 3123 477 3166 ne
492 3105 609 3182 perdas
624 3113 756 3164 aeterna
768 3104 852 3164 bona

98 3201 851 3280 incaelisquaeChristuspromisitamicissuis.

99 3301 264 3380 Quicquid
277 3301 379 3362 scitur
388 3301 441 3362 vel
452 3302 604 3362 habetur:
620 3299 701 3359 nibil
713 3308 772 3375 est,
788 3298 850 3358 nisi

99 3402 190 3461 Deus
201 3400 240 3460 ad
251 3409 362 3459 votum
373 3399 540 3458 habeatur.
560 3398 625 3475 Qui
638 3397 746 3457 omnia
760 3398 850 3473 parvi

99 3497 209 3575 pendit
231 3514 314 3574 quae
336 3497 396 3557 sub
424 3497 514 3556 caelo
539 3495 717 3570 delectant;
745 3504 887 3571 potestee

455 3600 496 3642 ees
