2142 4194
245 487 366 540 &w
437 487 476 529 DE
492 487 670 530 lMlTATlONE
686 487 809 531 CHRlSTl
840 532 843 540 ,
880 489 1004 542 Μ

247 620 339 680 frena
356 621 475 696 gulam,
497 631 529 681 ct
543 639 675 682 omnem
692 623 798 683 carnis
820 621 1004 682 inclinatio-

245 734 320 777 nem
344 718 472 778 facilius
496 719 648 780 lrcnabis
683 720 868 796 Numquam
891 719 938 779 sis
961 737 1003 779 ex

245 822 311 874 toto
334 815 475 876 otiosus:
498 816 555 876 sed
571 826 626 877 aut
641 817 754 894 legens
770 824 824 876 aut
840 817 1002 891 scribens,

245 922 299 972 aut
317 929 414 973 orans
435 924 489 974 aut
511 915 673 975 meditans
695 923 749 974 aut
771 914 891 991 aliquid
914 914 1001 975 utili-

221 1010 319 1070 statis
340 1028 398 1087 pro
421 1013 586 1073 communi
610 1013 771 1074 laborans.
807 1012 1001 1088 Corporalia

244 1117 351 1168 tamen
368 1110 523 1170 exercitia
538 1111 679 1171 discrete
694 1119 771 1171 sunt
786 1110 921 1187 agenda:
936 1127 1001 1170 nec

244 1205 396 1266 omnibus
431 1209 610 1284 aequaliter
645 1207 850 1269 assumenda.
905 1207 1001 1284 Quae

244 1303 430 1363 communia
444 1321 509 1365 non
525 1317 612 1382 sunt,
627 1323 692 1366 non
708 1315 785 1366 sunt
796 1305 876 1364 loris
890 1312 1002 1363 osten·

244 1401 364 1460 denda:
386 1419 460 1461 nam
484 1401 517 1462 in
540 1412 667 1464 secreto
687 1404 789 1464 tutius
804 1413 1001 1464 exercentur

208 1518 233 1560 ro
243 1498 376 1573 privata.
420 1499 612 1561 Cavendum
642 1510 750 1561 tamen
775 1519 817 1562 ne
839 1502 929 1578 piger
951 1501 1001 1561 sis

242 1596 282 1656 ad
298 1598 493 1674 communia,
509 1599 595 1659 etad
610 1599 787 1675 singularia
802 1598 1000 1675 promptior3

242 1693 300 1753 scd
323 1694 460 1770 expletis
482 1695 607 1772 integre
630 1705 661 1755 et
680 1695 818 1756 lideliter
833 1696 951 1757 debitis
967 1705 1000 1755 et

241 1791 413 1852 iniunctis:
444 1792 472 1852 si
504 1793 567 1852 iam
599 1794 684 1852 ultra
711 1803 804 1853 vacat
834 1792 933 1852 redde
966 1802 999 1852 te

242 1888 316 1964 tibi,
344 1900 438 1965 prout
468 1891 597 1950 devotio
626 1901 681 1950 tua
707 1891 878 1951 desiderat.
922 1891 998 1950 Non

207 1997 379 2062 rspossunt
401 2005 516 2048 omnes
536 1989 657 2048 habere
672 2005 773 2048 unum
790 1988 999 2049 exercitium:
1064 2061 1065 2081 ἦ

242 2083 299 2142 sed
328 2085 414 2145 aliud
443 2086 496 2145 isti
526 2085 614 2146 aliud
641 2085 688 2145 illi
713 2086 816 2163 magis
845 2085 1000 2146 deservit.

242 2180 344 2241 Etiam
367 2199 425 2258 pro
447 2183 604 2258 temporis
634 2183 846 2258 congruentia
868 2182 1000 2242 diversa

241 2280 369 2354 placent
390 2280 561 2340 exercitia:
584 2280 660 2356 quia
675 2279 736 2339 alia
758 2280 912 2355 infestis,
934 2281 1000 2340 alia

241 2376 273 2435 in
304 2377 428 2437 leriatis
456 2377 559 2454 magis
588 2377 718 2452 sapiunt
745 2377 869 2437 dicbus.
913 2375 1000 2436 Aliis

203 2474 426 2551 aoindigemus
446 2485 593 2551 tempore
609 2474 846 2550 temptationis:
869 2483 901 2533 et
923 2474 999 2533 aliis

240 2582 386 2648 tempore
401 2572 491 2648 pacis
506 2581 538 2631 et
553 2571 683 2648 quietis.
712 2570 786 2631 Alia
801 2587 874 2630 cum
891 2569 999 2630 trista-

240 2687 313 2729 mur
334 2669 413 2730 libct
441 2669 598 2746 cogitare:
628 2677 660 2729 et
682 2668 743 2728 alia
767 2686 840 2729 cum
864 2667 938 2727 laeti
963 2667 997 2726 in
1060 2709 1061 2716 κ

240 2767 382 2826 Domino
399 2766 567 2827 fuerimus.
594 2766 692 2827 Circa
706 2765 897 2842 principalia
914 2764 999 2824 festa

240 2865 426 2925 renovanda
440 2874 516 2924 sunt
530 2864 615 2923 bona
630 2863 800 2923 exercitia:
822 2872 855 2922 et
870 2870 999 2921 sancto-

203 2979 310 3022 25rum
327 2962 482 3039 suffragia
497 2962 678 3023 ferventius
696 2960 908 3037 imploranda.
947 2959 999 3017 De
1058 3033 1059 3038 ἵ

240 3061 323 3120 festo
339 3059 372 3119 in
390 3059 509 3120 festum
525 3075 708 3135 proponere
727 3059 885 3119 debemus
901 3056 997 3132 quasi

238 3167 316 3217 tunc
348 3157 387 3217 de
418 3158 480 3216 hoc
511 3157 643 3217 saeculo
675 3156 859 3234 migraturi:
893 3165 926 3215 et
958 3155 997 3213 ad

239 3263 407 3314 aeternum
445 3254 563 3314 festum
600 3255 799 3330 perventuri.
852 3253 998 3328 Ideoque

239 3351 378 3411 sollicite
401 3368 461 3411 nos
483 3369 675 3428 praeparare
706 3352 863 3412 debemus
885 3349 918 3408 in
942 3349 998 3409 de-

202 3449 324 3510 aovotis
340 3449 551 3524 temporibus,
573 3459 605 3509 ct
620 3449 770 3509 devotius
790 3446 998 3521 conversari3

239 3556 335 3622 atque
344 3562 474 3605 omnem
485 3545 724 3605 observantiam
734 3545 879 3605 strictius
888 3555 997 3605 custo-

605 3650 631 3690 34
