2138 4196
69 464 336 518 ffiiiwa'bm
393 466 436 508 1111
454 467 478 508 ¹³
531 467 813 520 ’'dwwbw

68 598 177 671 pariter
197 599 230 658 in
252 617 354 658 unum
377 615 510 659 manere
532 599 686 659 concede.
725 600 811 660 Vere

67 703 97 754 tu
117 712 151 754 es
171 696 309 756 dilectus
331 713 425 756 meus
447 697 572 757 electus
594 713 635 756 ex
663 696 811 756 milibus:

13 827 14 840 η
68 790 176 869 inquo
197 794 393 870 complacuit
414 794 541 854 animae
558 810 651 853 meae
666 793 811 854 habitare

69 889 207 950 omnibus
222 891 339 951 diebus
354 891 439 952 vitae
454 907 543 951 suae.
572 891 659 952 Vere
677 901 710 951 tu
726 890 811 967 paci·

69 983 140 1046 ficus
154 1005 264 1065 meus:
283 988 317 1048 in
333 1005 397 1065 quo
412 1006 474 1064 pax
489 1005 617 1048 summa
632 998 664 1049 et
679 989 834 1065 requiess

13 1137 14 1152 ,
67 1101 149 1146 vera:
178 1097 269 1147 extra
297 1104 394 1164 quem
426 1087 516 1146 labor
544 1098 576 1148 et
597 1087 690 1147 dolor
711 1096 743 1147 et
764 1086 811 1145 in·

67 1181 146 1244 linita
166 1186 307 1246 miseria.
343 1185 430 1244 Vere
451 1194 486 1244 tu
509 1201 545 1244 es
564 1185 655 1266 Deus
677 1185 812 1244 abscon·

65 1281 158 1359 ditus:
186 1295 217 1344 et
240 1282 413 1344 consilium
442 1292 534 1342 tuum
563 1299 629 1342 non
658 1291 708 1342 est
737 1298 810 1341 cum

13 1413 17 1446 r
64 1376 180 1454 impiis:
200 1381 258 1441 sed
274 1397 349 1440 cum
364 1380 544 1440 humilibus
559 1389 591 1439 et
607 1379 811 1455 simplicibus

64 1492 163 1537 sermo
184 1488 271 1538 tuus.
302 1477 331 1540 Ο
352 1495 448 1555 quarn
469 1478 580 1538 suavis
598 1487 648 1538 est
669 1477 810 1536 Domine
823 1498 847 1538 ro

13 1579 14 1652 j
63 1574 187 1648 spiritus
208 1586 303 1653 tuus3
325 1576 380 1653 qui
396 1586 431 1636 ut
446 1576 652 1636 dulcedinem
668 1585 756 1636 tuam
777 1577 810 1637 in

63 1671 140 1733 lilios
162 1675 420 1734 demonstrares:
444 1691 528 1750 pane
550 1674 747 1734 suavissimo
770 1675 810 1735 de

13 1825 14 1856 3
63 1771 145 1830 caelo
166 1773 387 1832 descendente
409 1772 484 1832 illos
499 1771 635 1832 relicere
657 1773 809 1849 dignaris.

13 1857 14 1934 J
63 1869 141 1930 Vere
163 1889 228 1932 non
251 1882 301 1932 est
315 1872 377 1931 alia
392 1871 478 1932 natio
500 1881 565 1932 tarn
580 1870 711 1947 grandis
727 1886 810 1946 quae

63 1967 169 2030 habeat
191 1970 282 2029 Deos
303 1970 600 2047 appropinquantes
622 1968 701 2028 sibi:
725 1968 846 2029 sicutte

62 2075 92 2124 tu
113 2067 202 2127 Deus
224 2079 337 2128 noster
363 2069 441 2129 ades
470 2066 634 2127 universis
659 2065 810 2125 fidelibus

62 2163 136 2240 tuis:
163 2165 282 2241 quibus
311 2166 351 2224 ob
374 2164 571 2224 cotidianum
594 2163 751 2222 solacium
778 2172 810 2223 et

13 2329 14 2332 Ἴ
63 2277 112 2319 cor
132 2262 321 2338 erigendum
350 2263 384 2322 in
406 2263 550 2322 caelum:
578 2271 610 2322 te
631 2259 748 2320 tribuis
770 2260 808 2319 ad

13 2423 14 2428 η
63 2357 214 2418 edendum
245 2369 277 2419 et
304 2359 488 2420 fruendum.
532 2359 625 2436 Quae
648 2369 698 2418 est
720 2359 807 2418 enim

13 2461 14 2518 J
62 2455 116 2515 alia
141 2474 223 2534 gens
251 2468 315 2518 tam
347 2458 458 2520 inclita
488 2459 573 2518 sicut
603 2456 696 2532 plebs
725 2457 845 2516 chri-20

61 2553 172 2631 stiana3
196 2564 251 2615 aut
273 2572 355 2632 quae
378 2565 527 2616 creatura
548 2555 608 2614 sub
632 2555 721 2614 caelo
743 2564 807 2614 tam

13 2669 14 2684 r
61 2650 168 2712 dilecta
199 2662 234 2712 ut
265 2653 372 2712 anima
402 2653 535 2728 devota:
565 2653 604 2713 ad
636 2669 732 2729 quam
762 2653 808 2712 in-

13 2809 14 2816 *
60 2749 196 2822 greditur
218 2751 309 2810 Deus
338 2760 373 2810 ut
401 2761 511 2826 pascat
533 2767 604 2810 eam
630 2766 727 2809 carne
750 2768 809 2810 sua

60 2845 218 2920 gloriosa?
254 2847 475 2910 Oineffabilis
491 2848 609 2925 gratia:
631 2864 650 2906 o
673 2847 808 2907 admira·

60 2941 126 3003 bilis
147 2945 306 3020 dignatio:
329 2964 348 3006 o
371 2964 462 3006 amor
483 2946 665 3006 immensus
683 2945 845 3005 hominics

61 3038 259 3118 singulariter
269 3042 449 3119 impensus
468 3043 532 3104 Sed
543 3044 620 3120 quid
632 3045 807 3105 retribuam

61 3137 192 3198 Domino
214 3156 273 3215 pro
288 3140 390 3215 gratia
411 3140 489 3216 ista:
510 3158 568 3216 pro
589 3141 720 3201 caritate
743 3151 807 3202 tam

60 3235 196 3296 eximia?
247 3237 322 3297 Non
360 3247 409 3297 est
443 3238 530 3298 aliud
564 3238 650 3315 quod
685 3238 807 3315 gratius

59 3332 171 3393 donare
193 3351 328 3410 queam:
351 3351 447 3411 quam
469 3346 504 3396 ut
526 3352 582 3395 cor
604 3353 713 3395 meum
736 3337 807 3395 Deo

59 3449 125 3492 meo
154 3432 297 3493 totaliter
326 3433 484 3509 tribuam,
520 3443 553 3494 et
587 3433 700 3494 intime
732 3451 844 3494 con-co

58 3529 191 3607 iungam.
217 3529 308 3590 Tunc
325 3530 514 3592 exultabunt
529 3531 638 3591 omnia
653 3531 807 3592 interiora

412 3635 449 3676 127
