2142 4194
214 422 334 473 &w
407 420 446 461 DE
462 419 640 460 IMITATlONE
656 418 780 460 CHRISTI
851 419 973 472 ’ζέῗχίῂἵῷ

215 563 347 630 peccata
357 563 427 613 tua:
443 562 474 613 et
490 570 562 612 cras
578 553 696 613 iterum
711 562 880 628 perpetras
896 569 973 612 con·

216 652 313 712 fessa.
363 652 459 711 Nunc
487 650 644 727 proponis
673 667 806 710 cavere:
838 657 870 709 et
899 659 973 725 post

214 752 327 809 horam
360 749 448 825 agis,
483 748 575 825 quasi
612 748 693 809 nihil
730 746 971 823 proposuisses.

216 846 335 907 lllerito
365 863 442 922 ergo
473 864 534 906 uos
567 845 658 922 ipsos
693 843 866 906 humiliare
897 862 972 921 pos·

191 962 346 1021 ssumus3
374 962 436 1004 nec
464 961 618 1021 umquam
648 943 770 1020 aliquid
798 942 905 1019 magni
931 943 972 1002 de

214 1043 312 1103 nobis·
338 1042 476 1103 sentire:
506 1041 582 1119 quia
609 1050 674 1102 tarn
704 1040 835 1117 fragiles
864 1050 896 1100 et
923 1040 972 1100 in-

214 1140 349 1201 stabiles
371 1157 497 1201 sumus.
533 1141 610 1202 Cito
632 1139 729 1200 etiam
752 1148 859 1215 potest
878 1139 970 1214 perdi

214 1255 273 1314 per
287 1238 541 1314 neglegentiam:
564 1238 650 1314 quod
666 1238 767 1298 multo
790 1238 899 1296 labore
916 1237 972 1296 vix

215 1337 344 1396 tandem
361 1335 557 1412 acquisitum
574 1345 624 1395 est
638 1353 697 1413 per
711 1333 856 1411 gratiam.
881 1333 971 1410 Quid

180 1433 270 1495 roliet
292 1433 332 1493 de
353 1433 448 1493 nobis
470 1432 576 1492 adhuc
596 1433 628 1492 in
652 1433 733 1508 line;
755 1432 810 1508 qui
832 1431 971 1507 tepesci-

216 1549 288 1591 mus
303 1540 368 1590 tam
384 1533 506 1591 mane?
528 1532 597 1592 Vae
607 1531 703 1591 nobis
716 1529 743 1590 si
755 1529 802 1589 sic
818 1530 971 1590 volumus

215 1629 378 1689 declinare
401 1631 440 1689 ad
462 1629 617 1705 quietem,
642 1629 734 1705 quasi
758 1628 822 1688 iam
845 1644 906 1704 pax
928 1628 971 1689 sit

215 1735 247 1786 et
262 1726 437 1786 securitas:
459 1744 533 1786 cum
549 1726 689 1787 necdum
706 1736 857 1803 appareat
871 1727 971 1787 vesti-

214 1824 302 1901 gium
331 1824 637 1885 veraesanctitatis
664 1824 697 1884 in
721 1823 971 1885 conversatione

181 1931 335 1984 rsnostra.
387 1922 479 1982 Bene
510 1940 593 1999 opus
628 1932 717 1983 esset
747 1922 833 1998 quod
864 1922 971 1983 adhuc

214 2021 333 2080 iterum
362 2020 601 2080 instrueremur
629 2028 792 2095 tamquam
814 2020 890 2079 boni
913 2038 971 2081 no-

215 2117 290 2178 vicii
322 2120 361 2177 ad
392 2134 501 2178 mores
532 2117 689 2194 optimos:
721 2117 748 2177 si
781 2117 864 2177 forte
893 2135 972 2195 spes

215 2225 304 2276 esset
326 2216 365 2274 de
395 2215 502 2291 aliqua
531 2216 639 2276 lutura
663 2215 910 2291 emendatione,
938 2226 972 2277 et

215 2312 328 2373 maiori
351 2312 511 2389 spirituali
534 2312 693 2388 proiectu.

176 2533 204 2574 20
299 2508 356 2569 DE
379 2507 685 2569 MEDITATIONE
708 2506 885 2568 MORTIS.

435 2662 640 2713 cnmrvuvu
658 2663 750 2712 xx111.

334 2798 416 2860 nlde
446 2799 509 2860 cito
532 2799 594 2859 erit
622 2810 729 2859 tecum
755 2800 808 2860 hic
832 2801 971 2862 lactum:

353 2897 428 2958 vide
458 2896 552 2956 aliter
582 2897 746 2973 quomodo
776 2907 808 2958 te
838 2899 971 2960 habeas.

214 2996 321 3056 Hodie
343 2997 442 3056 homo
464 3003 530 3054 est:
555 3004 588 3054 et
609 3011 681 3054 cras
705 3012 770 3055 non
794 3006 970 3072 comparet.

176 3092 299 3153 zsCum
330 3102 437 3152 autem
470 3092 619 3152 sublatus
648 3092 746 3153 luerit
777 3095 816 3153 ab
847 3095 970 3155 oculis:

213 3190 309 3251 etiam
334 3189 397 3250 cito
420 3190 535 3251 transit
556 3209 574 3250 a
596 3200 715 3250 mente.
752 3191 781 3252 Ο
804 3192 971 3252 hebetudo

213 3298 245 3349 et
273 3289 391 3348 duritia
422 3289 530 3349 cordis
561 3287 712 3347 humani:
743 3288 830 3363 quod
861 3287 970 3347 solum

213 3387 397 3464 praesentia
412 3385 595 3458 meditatur,
614 3393 646 3444 et
662 3383 769 3444 lutura
783 3401 849 3444 non
864 3384 971 3461 magis
1061 3381 1062 3456 ᾗ

213 3484 388 3560 praevidet.
423 3483 477 3543 Sic
500 3493 531 3542 te
554 3482 587 3541 in
610 3481 698 3543 omni
723 3482 807 3541 lacto
829 3491 862 3541 et
884 3483 971 3559 cogi·
1047 3561 1052 3588 t

577 3587 603 3628 44
