2142 4194
224 440 345 492 mm
416 434 791 479 usinrrnrrouacnmsrr
861 435 984 486 affl

226 571 395 633 arbitrium
431 581 539 632 rectae
571 569 716 629 rationis
769 567 854 644 Quis
885 567 984 627 habet

228 669 345 729 fortius
367 678 550 745 certamen;
579 685 674 745 quam
700 665 755 742 qui
778 665 892 724 nititur
913 664 984 724 vin·

227 782 302 827 cere
331 783 367 825 se
397 765 532 841 ipsum?
581 764 619 825 Et
649 765 711 824 hoc
743 763 877 823 deberet
907 779 984 822 esse

227 864 393 940 negotium
415 872 581 938 nostrum,
610 862 743 922 vincere
771 858 924 921 videlicet
946 876 984 919 se

204 962 353 1038 sipsum3
375 971 407 1021 et
429 961 548 1021 cotidie
570 978 607 1021 se
622 961 694 1036 ipso
710 957 878 1017 fortiorem
895 955 984 1016 fieri:
1054 967 1055 1050 l

227 1068 323 1135 atque
346 1059 379 1119 in
401 1059 520 1119 melius
542 1057 665 1134 aliquid
686 1055 856 1132 proficere.
1054 1059 1055 1098 l

268 1156 386 1218 Omnis
406 1156 564 1233 perlectio
587 1155 619 1216 in
643 1157 703 1215 hac
725 1154 801 1229 vita,
822 1152 984 1230 quandam

228 1255 511 1332 imperfectionem
542 1254 603 1314 sibi
629 1254 725 1313 habet
747 1269 923 1312 annexam:
952 1261 986 1312 et

228 1353 336 1413 omnis
358 1352 537 1430 speculatio
560 1360 671 1411 nostra
689 1350 827 1426 quadam
846 1349 985 1425 caligine

195 1467 294 1510 tonon
317 1460 414 1510 caret.
455 1450 599 1510 Humilis
621 1448 668 1509 tui
691 1448 843 1525 cognitio,
865 1446 987 1507 certior

228 1548 281 1608 via
291 1558 341 1608 est
352 1549 391 1608 ad
404 1549 526 1608 Deum:
543 1565 638 1624 quam
651 1547 813 1623 profunda
828 1545 986 1606 scientiae
1054 1531 1055 1558 ³

229 1644 408 1720 inquisitio.
438 1644 512 1704 Non
528 1653 579 1704 est
593 1643 753 1720 culpanda
768 1642 915 1718 scientia,
931 1652 987 1703 aut
1054 1647 1055 1654 ’

229 1743 393 1818 quaelibet
415 1742 554 1818 simplex
576 1741 623 1801 rei
646 1741 774 1816 notitia,
796 1758 880 1817 quae
901 1741 988 1800 bona

229 1841 334 1901 estin
357 1857 393 1900 se
416 1841 621 1900 considerata
642 1849 674 1899 et
695 1840 800 1900 aDeo
823 1837 986 1899 ordinata:
1054 1865 1055 1878 κ

196 1936 287 1998 issed
316 1938 530 2014 praeferenda
561 1946 611 1998 est
640 1953 771 2012 semper
798 1937 883 1996 bona
910 1952 988 1995 con·

229 2034 367 2096 scientia
382 2044 414 2095 et
424 2035 569 2095 virtuosa
584 2035 659 2095 vita.
684 2033 771 2110 Quia
781 2051 860 2093 vero
876 2033 989 2108 plures

229 2133 332 2209 magis
362 2134 493 2193 student
522 2132 607 2193 scire
629 2150 726 2209 quam
751 2133 834 2192 bene
857 2131 988 2207 vivere;

230 2231 303 2291 ideo
326 2247 424 2307 saepe
447 2239 571 2290 errant:
601 2240 633 2291 et
654 2247 758 2306 paene
782 2231 907 2290 nullum
933 2230 987 2289 vel

230 2328 393 2389 modicum
424 2328 565 2389 fructum
591 2329 710 2389 ferunt.
753 2328 782 2390 Ο
808 2328 835 2388 si
865 2336 987 2388 tantam

194 2443 221 2485 20
230 2426 422 2486 adhiberent
438 2425 637 2503 diligentiam
654 2426 693 2485 ad
709 2424 898 2501 extirpanda
908 2424 988 2484 vitia

231 2534 263 2585 et
284 2524 423 2585 virtutes
445 2522 638 2584 inserendas
667 2522 762 2582 sicuti
792 2521 831 2582 ad
853 2538 988 2582 moven-

231 2623 288 2682 das
310 2621 537 2699 quaestiones3
566 2638 632 2681 non
658 2621 774 2681 tierent
795 2630 882 2680 tanta
903 2619 989 2680 mala

231 2730 263 2781 et
278 2721 429 2781 scandala
443 2720 477 2779 in
492 2720 625 2795 populo:
641 2729 702 2778 ne'c
717 2727 804 2778 tanta
815 2717 988 2779 dissolutio

231 2819 264 2878 in
281 2817 459 2878 coenobiis.
482 2817 583 2878 Certe
598 2817 794 2877 adveniente
807 2815 859 2876 die
875 2815 987 2876 iudicii
1054 2803 1055 2898 l

195 2933 296 2976 asnon
319 2924 494 2992 quaeretur
516 2933 534 2974 a
555 2914 650 2973 nobis
668 2913 746 2990 quid
768 2913 906 2989 legimus
928 2915 988 2974 sed
1054 2991 1055 2998 ἵ

232 3013 309 3091 quid
333 3013 490 3088 fecimus3
519 3029 580 3072 nec
603 3029 699 3088 quam
722 3010 988 3071 benediximus:

232 3112 290 3171 sed
319 3128 415 3187 quarn
446 3109 598 3186 religiose
628 3109 779 3170 viximus.
823 3108 884 3168 Dic
907 3107 988 3169 mihi
1054 3103 1055 3198 l

233 3208 286 3269 ubi
310 3218 386 3268 sunt
407 3206 504 3268 modo
527 3223 642 3267 omnes
660 3205 706 3267 illi
723 3206 846 3266 domini
869 3216 901 3264 et
923 3222 989 3264 ma-

231 3307 322 3383 gistri
346 3322 429 3382 quos
450 3306 534 3365 bene
550 3304 669 3364 novisti
686 3304 762 3364 dum
779 3304 884 3363 adhuc
900 3302 989 3363 vive·

196 3415 321 3480 sorent,
351 3413 383 3463 et
411 3401 528 3462 studiis
558 3402 740 3462 florerent?
783 3402 848 3462 Iam
874 3417 988 3460 eorum
1054 3399 1055 3472 l

232 3501 434 3579 praebendas
445 3500 497 3560 alii
510 3500 692 3576 possident:
708 3509 740 3559 et
755 3498 868 3558 nescio
879 3508 987 3558 utrum

599 3605 623 3646 ro
