2146 4194
84 437 370 492 mamaeam*
432 440 506 483 ruso
566 441 847 496 mmmmm

85 571 293 632 solationem.
316 571 369 634 Sic
385 574 472 634 enim
488 575 645 636 transitur
655 576 694 635 ad
709 592 845 651 regnum

85 669 264 729 caelorum.
308 671 346 731 Et
367 673 429 731 hoc
454 671 526 732 sine
548 671 645 732 dubio
668 672 771 749 magis
793 689 846 733 ex·

85 766 262 842 pedittibi
292 778 324 828 et
353 768 472 829 ceteris
503 769 609 829 servis
631 769 714 828 meis
737 780 772 830 ut
793 786 847 830 ex·

85 863 272 924 ercitemini
295 865 459 926 adversis:
488 883 584 943 quarn
615 867 642 926 si
669 876 786 926 cuncta
808 867 847 927 ad

85 961 216 1022 libitum
238 962 412 1022 haberetis.
450 963 515 1039 Ego
535 964 611 1023 novi
634 963 870 1039 cogitationess

85 1059 312 1119 absconditas:
349 1060 425 1136 quia
455 1059 593 1120 multum
628 1061 758 1138 expedit
789 1078 846 1138 pro

86 1161 195 1220 salute
217 1170 272 1220 tua
286 1169 321 1220 ut
343 1159 506 1218 interdum
529 1159 601 1219 sine
617 1177 734 1235 sapore
751 1160 848 1220 relin-

6 1291 7 1298 κ
85 1258 218 1336 quaris3
247 1273 289 1317 ne
319 1257 402 1317 forte
431 1256 572 1316 eleveris
601 1256 633 1316 in
661 1258 746 1318 bono
775 1275 847 1318 suc-

86 1373 204 1416 cessu:
221 1365 252 1415 et
266 1354 323 1415 tibi
340 1354 402 1431 ipsi
418 1355 548 1430 placere
563 1355 646 1414 velis
661 1355 695 1415 in
711 1373 749 1416 eo
761 1356 847 1433 quod

86 1470 156 1513 non
178 1469 225 1512 es.
268 1452 366 1528 Quod
388 1451 460 1512 dedi
484 1452 614 1512 auferre
636 1470 787 1529 possum:
817 1463 848 1514 et
861 1470 886 1510 m

87 1550 264 1611 restituere
275 1566 349 1609 eum
359 1548 438 1608 mihi
448 1549 615 1625 placuerit.
632 1549 718 1612 Cum
727 1551 848 1611 dedero

87 1664 201 1708 meum
217 1657 283 1706 est:
306 1663 379 1706 cum
397 1656 562 1706 retraxero
577 1655 668 1707 tuum
685 1665 750 1708 non
772 1648 848 1724 tuli;

87 1745 167 1822 quia
188 1761 298 1805 meum
321 1753 372 1804 est
393 1759 490 1803 omne
512 1743 622 1804 datum
645 1745 786 1806 bonum:
817 1755 848 1805 et

4 1893 6 1910 ,
87 1860 189 1904 omne
204 1842 326 1902 donum
342 1841 533 1917 perfectum.
564 1842 597 1903 Si
613 1842 670 1902 tibi
686 1843 848 1904 admisero

87 1940 281 2018 gravitatem
304 1949 358 1999 aut
373 1939 550 2015 quamlibet
571 1941 849 2002 contrarietatem:
862 1961 885 2002 ιε

89 2056 133 2099 ne
155 2037 346 2114 indigneriS,
368 2053 476 2113 neque
496 2037 645 2099 concidat
663 2056 719 2099 cor
741 2049 849 2115 tuum3

89 2154 151 2214 ego
168 2137 232 2196 cito
247 2135 420 2195 sublevare
435 2150 587 2211 possum:
606 2146 637 2196 et
652 2153 749 2197 omne
765 2154 849 2197 onus

89 2237 124 2297 in
155 2234 310 2312 gaudium
342 2242 568 2294 transmutare.
615 2235 849 2294 Verumtamen

90 2334 200 2393 iustus
215 2348 299 2405 sum,
321 2340 353 2391 et
372 2331 680 2392 recommendabilis
695 2333 849 2393 multum:

91 2447 168 2492 curn
192 2428 240 2488 sic
270 2428 353 2489 facio
379 2438 498 2489 tecum.
542 2429 576 2490 Si
599 2440 688 2490 recte
709 2431 797 2507 sapis
819 2440 887 2491 etan

92 2530 125 2589 in
141 2527 280 2588 veritate
295 2525 432 2602 aspicis:
447 2542 625 2602 numquam
642 2527 742 2588 debes
757 2545 851 2604 prop·

3 2637 4 2652 ³
92 2636 143 2686 ter
165 2624 303 2684 adversa
325 2632 390 2683 tam
413 2623 540 2683 deiecte
562 2625 764 2702 contristari3
792 2626 851 2686 sed

92 2723 198 2799 magis
211 2722 354 2799 gaudere
369 2729 401 2781 et
414 2720 535 2797 gratias
550 2738 657 2797 agere,
674 2722 774 2783 immo
789 2725 851 2782 hoc

93 2819 228 2880 unicum
244 2829 395 2894 reputare
409 2817 580 2895 gaudium:
600 2819 686 2895 quod
702 2820 852 2897 affligens

92 2931 125 2979 te
147 2916 315 2978 doloribus
330 2933 396 2976 non
412 2932 508 2991 parco
530 2915 598 2976 tibi.
628 2916 719 2977 Sicut
740 2917 888 2978 dilexitas

94 3034 147 3077 me
165 3015 272 3089 Pater,
294 3025 326 3075 et
348 3031 407 3090 ego
430 3031 490 3073 vos
512 3014 620 3091 diligo,
642 3014 707 3075 dixi
724 3015 852 3075 dilectis

94 3112 266 3189 discipulis
280 3113 380 3173 meis:
402 3128 486 3188 quos
507 3112 620 3188 utique
642 3129 708 3172 non
722 3112 797 3173 misi
813 3113 852 3172 ad

93 3211 211 3288 gaudia
238 3209 429 3287 temporalia
459 3211 518 3269 sed
547 3209 586 3270 ad
609 3226 724 3286 magna
752 3221 853 3271 centa·

94 3309 200 3384 mina3
229 3325 294 3368 non
323 3309 363 3368 ad
389 3309 549 3382 honores,
578 3306 635 3367 sed
658 3308 697 3367 ad
719 3307 852 3384 despec-

95 3407 220 3468 tiones:
242 3423 308 3466 non
324 3406 363 3465 ad
379 3405 481 3466 otium
497 3405 556 3465 sed
571 3404 609 3465 ad
626 3404 770 3481 labores;
787 3422 890 3466 nonso

94 3505 134 3564 ad
158 3504 321 3581 requiem:
344 3503 402 3563 sed
424 3503 464 3562 ad
485 3501 688 3562 afferendum
712 3502 852 3562 fructum

454 3608 492 3649 201
