2160 4194
243 436 324 489 &m
369 434 710 478 LtBELLvssrlltlTvnlts
726 432 875 476 Exi-:nemu
921 433 1000 486 Q

260 630 316 690 DE
339 627 463 690 HORA
487 629 713 691 SVRGENDI
737 627 788 689 ET
810 627 988 691 OFFlClO

540 727 708 790 DlVlNO.

494 900 699 951 CAPITVLVM
717 902 750 951 V.

244 994 427 1227 &Via
449 1055 622 1133 religiosus
638 1073 674 1116 es
689 1055 811 1116 idcirco
830 1055 1001 1117 altioribus

221 1173 235 1212 5
386 1153 567 1214 sanctitatis
589 1153 707 1215 studiis
731 1153 895 1231 obligaris.
939 1155 1000 1214 Re·
1068 1139 1069 1218 J

245 1252 338 1313 cedat
353 1251 452 1328 igitur
466 1252 685 1313 somnolentia
699 1253 738 1312 ab
753 1251 874 1312 oculis:
889 1262 1001 1328 torpor
1068 1273 1069 1314 3

245 1359 419 1410 evanescat
455 1360 486 1409 et
517 1349 671 1411 mollities
703 1349 820 1410 camis.
862 1349 999 1410 Virilem

245 1449 388 1510 animum
416 1447 532 1508 indue:
561 1446 600 1507 ad
626 1446 774 1508 divinum
796 1463 878 1524 opus
901 1463 1000 1523 perge

245 1555 380 1607 mature.
424 1545 500 1606 Esto
531 1554 662 1621 paratus
691 1544 731 1604 ad
759 1545 888 1622 singula
916 1561 999 1621 quae

211 1663 235 1703 ro
245 1643 377 1703 noveris
394 1642 559 1703 iacienda:
582 1642 643 1703 erit
661 1641 748 1703 enim
764 1659 893 1703 merces
908 1641 999 1718 operi

244 1751 299 1802 tuo
322 1757 438 1818 magna
459 1750 491 1801 et
512 1740 614 1817 gloria
636 1739 771 1801 inlinita.

285 1838 371 1900 Cum
395 1838 493 1899 luerit
509 1839 588 1898 hora
609 1838 763 1916 surgendi
779 1855 821 1899 ne
841 1839 951 1899 tardes
966 1838 1001 1898 in
1068 1893 1069 1922 f

243 1938 345 2014 lecto;
367 1937 425 1998 sed
441 1953 597 1997 assuesce
613 1954 748 2014 surgere
764 1936 844 1997 cito:
860 1945 893 1996 et
907 1936 1001 2013 signa
1068 1923 1069 1958 ⁴

243 2046 275 2096 te
304 2045 436 2096 sanctae
465 2035 572 2095 crucis
601 2035 769 2111 signaculo
797 2035 893 2095 trino.
940 2035 1001 2094 Re·

210 2133 378 2193 iscordare
413 2131 504 2192 verbi
542 2131 673 2192 Domini
709 2132 783 2192 lesu
820 2131 1001 2208 discipulos

244 2227 424 2290 excitantis.
448 2228 577 2306 Surgite
592 2229 698 2307 inquit
708 2230 839 2307 vigilate
850 2239 882 2290 et
893 2238 1000 2289 orate:

243 2337 365 2386 utnon
394 2326 523 2386 intretis
552 2325 585 2386 in
614 2326 869 2403 temptationem.
914 2329 1001 2404 Lege

243 2433 275 2482 et
298 2423 388 2482 Pauli
411 2422 558 2482 verbum.
603 2424 692 2483 Hora
715 2433 765 2485 est
789 2425 852 2485 iam
875 2425 1001 2485 nos-de

243 2538 358 2582 somno
374 2536 525 2597 surgere:
542 2529 573 2581 et
588 2521 690 2597 aperti
706 2531 783 2582 sunt
797 2523 883 2583 oculi
896 2523 1000 2582 nostri

206 2637 377 2696 aosurgere
399 2619 438 2679 ad
461 2618 643 2680 Christum.

284 2717 416 2776 Pulsato
431 2715 470 2776 ad
486 2718 622 2777 chorum
638 2716 742 2794 signo,
761 2734 898 2778 occurre
918 2727 1001 2778 tem-

243 2815 369 2891 pestive
385 2832 458 2875 cum
475 2815 605 2891 primis:
627 2827 659 2877 et
674 2817 808 2893 loquere
823 2832 898 2875 cum
917 2815 1001 2892 regi-

243 2912 304 2972 bus
335 2912 466 2974 sanctis.
510 2913 581 2973 Hoc
613 2913 741 2990 signum
771 2912 878 2990 magni
911 2913 1001 2989 regis

244 3022 309 3071 est:
332 3028 455 3087 eamus,
477 3020 510 3071 et
531 3010 736 3088 inquiramus
758 3028 843 3071 eum.
887 3009 944 3071 Sta
965 3011 1002 3070 in

208 3128 235 3169 25
244 3108 343 3169 choro
366 3125 440 3168 cum
456 3118 544 3170 metu
568 3119 600 3169 et
622 3107 821 3170 reverentia:
844 3118 876 3168 et
895 3108 1001 3184 psalle

243 3205 367 3266 nomini
384 3205 516 3266 Domini
532 3205 701 3266 altissime.
731 3205 784 3266 Sis
799 3205 926 3283 integre
941 3205 1001 3266 tibi

243 3302 417 3362 collectus:
439 3320 476 3363 ac
492 3304 562 3363 Deo
579 3302 716 3364 lirmiter
730 3303 886 3364 intentus.
919 3304 1001 3364 Dili-

242 3409 357 3476 genter
377 3402 524 3461 ausculta
547 3400 607 3461 Dei
631 3400 745 3461 verba:
775 3417 858 3477 quae
887 3401 931 3461 ibi
955 3402 1002 3462 le·
1068 3407 1069 3454 l

242 3508 363 3572 guntur
384 3507 416 3558 et
438 3508 617 3559 cantantur.
661 3498 735 3559 Noli
764 3498 871 3559 taedio
894 3499 1002 3560 vinci:

601 3603 642 3644 aro
