2178 4186
105 427 267 482 mm
315 427 354 468 DE
369 425 574 470 MORTIFICATA
589 425 655 470 VITA
702 427 863 480 mm

107 562 185 640 quid
217 561 375 621 habuerit.
427 560 627 621 Benedictus
659 561 769 636 Deus,
801 578 861 638 ego

107 660 192 719 bene
214 658 378 735 promerui
401 658 482 734 pati:
505 668 537 718 et
559 668 646 718 recte
668 658 707 718 ad
723 675 776 718 me
791 675 862 734 per-

107 756 189 817 tinet
216 755 362 816 tribulari
389 765 421 816 et
443 755 618 815 contemni.
660 753 788 815 Adiuva
809 772 862 815 me

107 852 245 913 amande
262 853 353 913 lesu:
373 853 412 912 ad
427 853 548 913 bonum
564 862 596 913 et
612 853 774 912 salubrem
790 869 862 928 per-

107 950 234 1027 tingere
256 949 365 1010 finem.
399 949 501 1025 Spero
524 950 610 1026 quod
632 949 737 1009 adbuc
759 959 884 1010 totums

108 1047 227 1108 melius
249 1046 319 1109 fiet:
342 1047 492 1124 quamvis
514 1063 612 1123 saepe
634 1047 809 1108 titubanter
830 1058 862 1108 et

107 1144 270 1205 contrarie
292 1145 325 1205 in
347 1146 410 1205 hoc
432 1154 579 1221 tempore
601 1144 725 1205 transit.
757 1144 863 1221 Super

107 1255 173 1318 quo
188 1259 323 1318 possum
339 1241 521 1319 confidere3
542 1242 606 1302 nisi
622 1260 722 1318 super
736 1243 863 1303 miseri·

107 1340 219 1400 cordia
246 1349 301 1400 tua
329 1340 447 1400 dilecte
469 1340 627 1416 Domine,
655 1341 787 1401 unicum
813 1358 863 1401 re·

108 1437 233 1514 fugium
256 1437 394 1497 meum?
430 1436 518 1513 Quid
539 1438 673 1513 prodest
693 1455 790 1498 omne
812 1455 898 1498 so-ro

107 1535 228 1595 lacium
244 1534 425 1609 hominum,
447 1535 576 1610 quando
591 1543 625 1594 tu
641 1552 694 1595 me
710 1535 864 1595 deseris?

107 1631 174 1692 Aut
203 1631 279 1708 quid
304 1649 357 1692 me
385 1631 545 1708 impedire
573 1641 697 1709 potest3
725 1649 799 1693 cum
829 1642 862 1692 tu

107 1728 188 1789 mihi
211 1727 368 1789 assistis?
411 1729 475 1790 Sed
504 1738 538 1789 tu
568 1746 666 1805 saepe
688 1729 786 1789 nimis
815 1746 864 1789 re-

107 1838 217 1888 motus
233 1844 270 1888 es
286 1837 318 1888 et
332 1827 524 1887 absconsus.
548 1827 622 1887 Non
637 1845 772 1904 possum
788 1845 863 1890 con·
919 1901 923 1906 ⁸

108 1925 211 1986 fidere
225 1926 259 1986 in
270 1925 378 2002 aliquo
394 1925 515 1985 solacio
528 1935 560 1985 et
570 1925 655 1985 bono
666 1926 863 1986 sentimenta
872 1946 899 1988 rs

108 2022 218 2083 cordis
233 2021 316 2082 mei:
337 2040 411 2083 nam
427 2039 526 2098 saepe
540 2021 686 2099 privatus
707 2040 780 2083 sum
797 2040 863 2083 om·

108 2122 207 2181 nibus
237 2131 411 2198 antequam
445 2107 514 2181 scio
545 2122 597 2182 vei
628 2122 775 2182 aestimo.
827 2122 863 2182 In

108 2219 182 2279 istis
204 2228 331 2294 oportet
353 2227 387 2280 ut
413 2219 531 2279 iterum
554 2218 676 2279 discam
699 2219 778 2278 mibi
801 2219 863 2295 ipsi

109 2315 209 2376 mori:
231 2325 263 2376 et
277 2334 408 2378 omnem
431 2318 591 2378 internam
607 2317 863 2378 consolationem

108 2414 285 2491 abnegem,
309 2414 396 2476 etin
418 2416 585 2476 voluntate
607 2415 739 2476 Domini
761 2415 899 2478 nostrizo

109 2512 311 2573 voluntatem
343 2529 449 2573 meam
481 2513 658 2589 deponam3
688 2522 785 2588 atque
811 2530 864 2572 ex·

108 2609 201 2671 ilium
224 2627 334 2670 meum
364 2620 396 2671 et
423 2627 610 2687 pressuram
639 2620 671 2670 et
693 2609 864 2686 caliginem

109 2707 258 2769 studeam
281 2705 438 2768 sufferre:
461 2708 565 2768 donec
587 2707 648 2768 sibi
667 2708 865 2783 complaceat

109 2803 174 2864 mei
197 2804 351 2880 pauperis
381 2813 548 2866 creaturae
574 2805 691 2865 iterum
714 2804 863 2865 misereri

109 2911 141 2962 et
170 2918 223 2961 me
252 2901 424 2962 consolari.
473 2901 611 2979 Oportet
638 2903 771 2980 gratiam
802 2903 899 2963 Deizs

109 3007 294 3074 expectare,
316 3007 348 3059 et
367 3017 441 3060 cum
457 3008 646 3076 paupertate
660 3016 713 3059 me
735 2999 863 3060 iuvare:

109 3103 142 3155 et
163 3112 302 3171 pensare
332 3097 407 3173 quia
432 3114 493 3157 nec
522 3097 620 3157 unius
648 3097 732 3156 assis
754 3099 864 3157 valore

109 3192 228 3270 dignus
250 3211 333 3255 sum.
365 3197 456 3256 Deus
478 3205 586 3256 autem
603 3193 749 3255 omnium
764 3194 864 3254 bono·

110 3309 182 3351 rum
199 3291 394 3369 principium
411 3302 508 3353 estet
524 3291 608 3352 finis.
640 3292 714 3368 lpse
729 3299 863 3367 repente

111 3389 189 3450 ditat
199 3390 449 3466 etdepauperat,
459 3388 900 3466 infrigidatctiniiammat;ao

111 3487 228 3548 exaltat
249 3495 282 3547 ct
303 3486 456 3563 deprimit
481 3487 620 3548 illustrat
641 3497 674 3547 et
695 3487 863 3547 obscurat:

467 3591 508 3632 sao
