2142 4194
223 461 344 514 oswod
414 461 787 505 oarnrrxrrouecnmsm
857 463 980 516 »mm

224 605 391 672 gravatur,
426 596 503 673 quia
537 607 671 657 secutus
705 606 756 657 est
790 597 978 673 passionem

225 710 333 753 suam:
362 711 446 770 quae
467 695 549 755 nihil
572 695 660 756 iuvat
684 696 722 755 ad
745 712 857 771 pacem
880 711 978 770 quam

225 791 396 867 quaesivit.
434 792 629 853 Resistendo
651 792 749 869 igitur
770 791 980 868 passionibus

224 889 391 949 invenitur
404 907 466 965 pax
480 908 557 951 vera
573 891 696 951 cordis:
719 907 784 951 non
804 900 911 951 autem
929 891 979 951 eis

201 985 408 1047 sserviendo.
451 987 527 1047 Non
556 998 606 1047 est
633 1004 711 1063 ergo
739 1004 800 1062 pax
824 987 857 1047 in
879 987 979 1048 corde

224 1083 368 1143 hominis
399 1083 554 1160 carnalis3
589 1100 655 1143 non
691 1085 724 1144 in
760 1084 893 1144 homine
925 1102 979 1145 ex-

161 1249 164 1255 ,
224 1180 399 1241 terioribus
414 1181 539 1241 dedito:
562 1182 619 1241 sed
635 1181 668 1240 in
685 1181 810 1242 fervido
831 1191 863 1242 et
884 1182 979 1258 spiri-

225 1278 312 1338 tuali.

292 1474 349 1532 DE
370 1473 492 1534 VANA
517 1474 595 1534 SPE
618 1473 669 1535 ET
692 1474 911 1537 ELATIONE

190 1579 214 1620 ¹⁰
482 1572 720 1634 FVGIENDA.

355 1735 358 1744 ’
461 1727 665 1777 CAPITVLVM
684 1728 741 1778 vll.

224 1801 434 2032 mimus
457 1874 522 1924 est:
544 1865 599 1942 qui
616 1882 707 1941 spem
724 1882 815 1925 suam
831 1865 922 1940 ponit
944 1867 978 1926 in

361 1962 549 2023 hominibus
571 1973 625 2023 aut
646 1964 680 2024 in
702 1962 870 2023 creaturis.
902 1963 978 2023 Non

225 2071 256 2121 te
271 2062 390 2136 pudeat
405 2061 477 2121 aliis
487 2061 613 2122 servire
628 2079 738 2122 amore
751 2062 825 2121 Iesu
837 2060 978 2121 Christi:

191 2167 256 2218 1⁵et
278 2175 454 2234 pauperem
477 2158 510 2217 in
533 2159 595 2217 hoc
611 2160 742 2219 saeculo
758 2158 871 2219 videri.
904 2158 980 2218 Non

225 2265 292 2315 stes
315 2265 467 2331 superte
489 2255 613 2331 ipsum:
643 2257 700 2316 sed
730 2256 762 2316 in
787 2258 857 2316 Deo
886 2273 979 2332 spem

225 2362 312 2414 tuam
336 2352 507 2413 constitue.
551 2353 612 2412 Fac
635 2354 721 2429 quod
743 2353 776 2413 in
798 2362 830 2413 te
853 2363 918 2414 est:
948 2363 980 2414 et

226 2451 317 2510 Deus
338 2450 442 2510 aderit
469 2451 573 2510 bonae
597 2451 755 2511 voluntati
777 2460 861 2511 tuae.
904 2450 980 2510 Non

225 2547 370 2608 confidas
385 2548 418 2607 in
434 2557 489 2607 tua
503 2548 650 2624 scientia,
671 2549 723 2608 vel
740 2549 858 2609 astutia
871 2548 981 2608 cuius·

188 2657 215 2698 ao
225 2662 366 2721 cumque
381 2645 540 2721 viventis3
555 2646 613 2706 sed
624 2647 727 2722 magis
743 2646 775 2706 in
788 2646 849 2706 Dei
865 2647 980 2723 gratia:

225 2743 280 2820 qui
296 2744 426 2803 adiuvat
436 2742 579 2802 humiles
590 2751 622 2802 et
632 2743 673 2802 de
683 2759 719 2803 se
731 2753 981 2820 praesumentes

225 2841 383 2901 humiliat.
427 2840 477 2900 Ne
499 2839 650 2917 glorieris
674 2840 707 2900 in
730 2840 853 2901 divitiis
880 2841 907 2900 si
930 2859 981 2902 as-

225 2949 317 3015 sunt3
342 2956 402 2999 nec
425 2939 458 2999 in
480 2938 595 2999 amicis
617 2938 693 3015 quia
715 2947 865 3014 potentes
887 2948 980 2999 sunt:

226 3037 283 3097 sed
312 3038 345 3096 in
377 3036 447 3096 Deo
476 3036 531 3112 qui
561 3035 670 3095 omnia
697 3045 854 3111 praestat,
883 3045 915 3095 et
944 3052 981 3097 se

109 3184 110 3187 ,
189 3132 332 3207 asipsum
356 3149 456 3208 super
477 3133 587 3193 omnia
608 3133 684 3193 dare
700 3133 872 3194 desiderat.
905 3135 980 3194 Non

225 3240 257 3290 te
280 3230 416 3289 extollas
444 3231 484 3290 de
513 3230 735 3307 magnitudine
763 3232 816 3291 vel
838 3232 981 3307 pulchri-

225 3326 338 3388 tudine
360 3327 523 3403 corporis:
545 3344 628 3404 quae
643 3327 771 3388 modica
792 3328 980 3390 infirmitate

226 3425 445 3501 corrumpitur
466 3434 498 3484 et
520 3425 721 3486 defoedatur.
753 3425 827 3485 Non
850 3426 980 3502 placeas

225 3523 282 3582 tibi
311 3522 374 3598 ipsi
403 3523 443 3582 de
472 3523 638 3583 habilitate
667 3533 721 3583 aut
750 3523 881 3600 ingenio
908 3533 981 3600 tu03

594 3627 617 3668 a
