2146 4194
217 438 338 490 m
410 437 448 480 DE
464 436 643 480 ΙΜΠᾹΤΙΟΝΕ
658 435 782 479 canisii
853 436 974 489 Q&

218 588 329 632 amore
344 587 519 632 evacuare:
540 579 618 630 tunc
632 570 785 630 deberem
801 569 835 629 in
851 579 971 630 tecum

218 686 334 746 magna
360 668 462 745 gratia
490 683 651 728 emanare.
695 667 834 743 Quando
860 676 896 727 tu
925 684 973 726 re·
1066 665 1067 670 ’

218 766 319 843 spicis
329 766 368 826 ad
380 775 560 826 creaturas:
576 764 777 825 subtrahitur
789 764 846 825 tibi
863 782 973 841 aspec-

219 874 272 925 tus
281 863 460 925 Creatoris.
483 862 583 922 Disce
592 871 625 922 te
635 861 668 921 in
680 861 832 922 omnibus
842 871 974 939 propter

196 962 412 1024 ⁵Creatorem
434 960 584 1020 vincere:
606 969 683 1019 tunc
699 959 739 1019 ad
754 958 899 1018 divinam
921 977 973 1019 va-

219 1058 302 1118 lebis
324 1058 541 1134 cognitionem
562 1056 756 1133 pertingere.
792 1055 974 1133 Quantum·

181 1147 183 1154 ’
219 1172 359 1233 cumque
370 1156 534 1216 modicum
546 1155 588 1215 sit
600 1155 627 1214 si
638 1153 976 1230 inordinatediiigitur

219 1264 251 1314 et
273 1253 461 1329 respicitur:
484 1253 624 1314 retardat
638 1271 657 1313 a
671 1269 800 1312 summo
823 1261 855 1313 et
875 1253 974 1313 vitiat.

220 1447 402 1512 CONTRA
418 1446 579 1509 VANAM
603 1446 654 1508 ET
677 1446 974 1510 SAECVLAREM

185 1559 210 1600 io
472 1543 726 1607 SCIENTIAM.

440 1702 645 1752 CAPITVLVM
663 1703 754 1753 XLIII.

221 1788 379 2004 Ἠῶ.
428 1841 502 1901 Non
533 1850 565 1900 te
596 1850 748 1901 moveant
777 1841 914 1917 pulchra
945 1851 978 1902 et

351 1937 484 1998 subtilia
498 1937 669 1997 hominum
683 1937 777 1999 dictu.
801 1938 876 1998 Non
888 1939 977 2000 enim

222 2045 272 2095 est
294 2052 428 2111 regnum
446 2034 506 2094 Dei
529 2034 563 2094 in
585 2051 754 2095 sermone:
777 2036 834 2096 sed
857 2036 891 2096 in
914 2036 979 2097 vir·

188 2146 212 2188 ιε
221 2139 299 2191 tute.
328 2130 469 2192 Attende
490 2133 590 2192 verba
611 2148 684 2192 mea
705 2150 789 2209 quae
806 2134 905 2193 corda
926 2152 979 2194 ac·

222 2228 364 2288 cendunt
386 2238 418 2289 et
440 2237 568 2289 mentes
590 2229 790 2290 illuminant:
819 2231 982 2293 inducunt

222 2327 506 2402 compunctionem
529 2335 561 2386 et
583 2326 704 2387 variam
727 2327 880 2403 ingerunt
902 2345 982 2388 con·

221 2423 424 2484 solationem.
455 2424 640 2500 Numquam
657 2425 773 2485 adhoc
795 2425 885 2502 legas
907 2444 983 2487 ver·

220 2521 315 2581 bum:
352 2531 385 2582 ut
416 2521 542 2582 doctior
572 2531 626 2582 aut
661 2522 839 2599 sapientior
869 2525 982 2600 possis

184 2618 335 2678 rovideri.
395 2617 495 2679 Stude
530 2618 771 2681 mortificationi
807 2621 982 2684 vitiorum:

222 2717 297 2794 quia
319 2718 381 2776 hoc
403 2716 542 2793 amplius
564 2716 621 2776 tibi
643 2717 787 2792 proderit
802 2735 899 2795 quam
923 2737 983 2780 no·

221 2815 290 2875 titia
318 2815 492 2875 multarum
523 2813 707 2875 difficilium
738 2817 982 2892 quaestionum.

222 2912 308 2974 Cum
320 2912 550 2988 multalegeris
561 2922 592 2973 et
603 2913 809 2989 cognoveris:
825 2914 864 2974 ad
876 2932 982 2976 unum
1066 2983 1067 3010 ¹

222 3026 354 3086 semper
375 3019 502 3086 oportet
530 3010 637 3070 redire
661 3011 868 3087 principium.
913 3013 983 3090 Ego
1066 3025 1067 3106 ¹

184 3124 312 3184 zssum,
341 3108 395 3184 qui
418 3108 521 3169 doceo
543 3107 710 3169 hominem
733 3108 924 3186 scientiam3
949 3121 984 3171 et
1066 3151 1067 3170 r

222 3205 392 3266 clariorem
415 3205 670 3282 intellegentiam
690 3207 835 3282 parvulis
857 3209 984 3271 tribuo:

221 3321 317 3381 quam
340 3304 379 3364 ab
401 3304 534 3365 homine
557 3304 660 3380 possit
681 3304 802 3365 doceri.
831 3305 897 3367 Cui
919 3324 984 3385 ego

221 3402 337 3478 loquor
359 3401 422 3462 cito
451 3402 583 3479 sapiens
610 3401 687 3463 erit:
716 3413 749 3463 et
776 3405 917 3465 multum
948 3406 985 3466 in
1066 3447 1067 3450 κ

221 3499 336 3576 spiritu
348 3500 505 3576 proficiet.
528 3500 597 3561 Vae
608 3501 657 3561 eis
670 3501 725 3578 qui
737 3500 838 3561 multa
849 3501 987 3563 curiosa
1066 3519 1067 3522 ’

578 3604 619 3646 reo
