2138 4196
237 465 358 518 &w
429 465 802 509 uurnrrnrronsennrsrr
873 467 998 521 me>
1064 523 1065 530 ,

238 599 997 675 quentesorationesetconfessionesacsacram

238 696 385 773 corporis
413 697 458 757 tui
488 697 731 774 perceptionem
760 715 812 758 me
837 715 997 758 renovem

238 795 392 855 mundem
422 803 453 854 et
482 794 673 854 accendam:
702 812 744 855 ne
766 795 849 856 forte
871 796 998 856 diutius

237 892 430 952 abstinendo
461 909 479 950 a
507 901 620 951 sancto
648 892 813 968 proposito
842 893 997 954 defluam.

214 989 338 1049 sProni
349 990 436 1049 enim
447 999 524 1049 sunt
534 1006 654 1049 sensus
669 990 811 1050 hominis
822 991 861 1050 ad
872 992 997 1052 malum

237 1087 276 1146 ab
291 1087 513 1148 adulescentia
532 1105 609 1163 sua;
631 1099 663 1149 et
678 1088 741 1148 nisi
758 1099 927 1150 succurrat
949 1090 998 1150 di·

236 1184 313 1244 vina
347 1185 527 1245 medicina:
563 1185 681 1247 labitur
711 1186 808 1246 homo
844 1204 920 1247 mox
955 1188 998 1248 ad

237 1282 357 1358 peiora.
401 1283 547 1343 Retrahit
569 1300 645 1359 ergo
667 1293 779 1344 sancta
806 1284 997 1344 communio

234 1397 256 1438 a
277 1380 378 1440 malo:
407 1390 439 1440 et
460 1379 621 1441 confortat
649 1381 682 1441 in
709 1382 804 1441 bono.
847 1381 881 1442 Si
905 1381 996 1442 enim

203 1493 228 1534 ro
238 1477 333 1537 modo
355 1488 420 1538 tam
442 1496 541 1556 saepe
565 1480 742 1556 neglegens
765 1496 837 1539 sum
860 1489 892 1540 et
914 1479 997 1555 tepi-

237 1575 298 1635 dus
313 1576 442 1651 quando
458 1577 663 1637 communico
679 1586 734 1636 aut
749 1577 896 1653 celebro;
915 1578 996 1654 quid

237 1671 330 1734 fieret
351 1674 378 1733 si
402 1675 562 1735 medelam
585 1691 650 1734 non
673 1691 838 1734 sumerem
867 1685 900 1735 et
928 1685 995 1736 tam

235 1771 357 1847 grande
372 1771 524 1832 iuvamen
540 1791 605 1832 non
621 1773 841 1850 quaererem?
864 1773 902 1832 Et
917 1773 996 1834 licet

236 1870 324 1929 omni
347 1870 400 1930 die
422 1887 487 1930 non
509 1870 571 1931 sim
587 1882 681 1947 aptus
697 1887 758 1930 nec
773 1870 811 1929 ad
827 1869 996 1930 celebran-

202 1966 313 2026 rsdum
329 1967 413 2027 bene
429 1968 606 2044 dispositus
615 1986 624 2044 ;
639 1968 721 2028 dabo
736 1978 844 2028 tamen
860 1984 995 2044 operam

237 2065 390 2141 congruis
431 2065 633 2143 temporibus
675 2065 785 2126 divina
823 2066 995 2143 percipere

237 2162 403 2239 mysteria,
424 2181 461 2222 ac
477 2173 584 2223 tantae
598 2162 719 2239 gratiae
734 2163 924 2239 participem
941 2180 995 2223 me

236 2260 403 2336 praebere.
440 2261 522 2320 Nam
545 2261 626 2320 haec
649 2271 699 2320 est
720 2278 785 2321 una
804 2261 996 2338 principalis

237 2356 343 2417 fidelis
354 2358 480 2417 animae
492 2357 670 2418 consolatio
686 2359 840 2434 quamdiu
851 2359 995 2435 peregri-

200 2466 332 2516 zonatur
353 2475 371 2516 a
392 2466 424 2516 te
439 2457 473 2516 in
488 2456 615 2516 mortali
632 2472 784 2531 corpore:
807 2465 842 2517 ut
861 2456 994 2532 saepius

237 2571 363 2614 memor
384 2554 445 2614 Dei
475 2554 544 2629 sui,
572 2554 726 2614 dilectum
756 2571 852 2614 suum
877 2554 995 2614 devota

236 2651 392 2728 suscipiat
414 2662 533 2713 mente.

276 2747 306 2809 Ο
327 2748 408 2808 mira
423 2749 509 2809 circa
524 2767 584 2809 nos
600 2759 674 2809 tuae
690 2749 818 2826 pietatis
836 2749 995 2826 dignatio;

236 2846 322 2922 quod
351 2855 385 2906 tu
408 2847 549 2907 Domine
578 2849 669 2908 Deus
698 2857 824 2907 creator
851 2857 884 2907 et
912 2847 994 2908 vivi·

199 2961 227 3002 25
237 2942 349 3004 ficator
359 2944 504 3004 omnium
516 2944 700 3020 spirituum,
711 2945 750 3004 ad
761 2945 992 3022 pauperculam

236 3040 378 3116 dignaris
409 3041 523 3101 venire
553 3041 713 3103 animam:
749 3052 781 3102 et
816 3059 891 3102 cum
927 3052 993 3103 tota
1064 3059 1065 3062 ’

235 3137 403 3198 divinitate
439 3148 493 3199 tua
527 3156 564 3198 ac
596 3140 796 3200 humanitate
828 3139 900 3200 eius
935 3141 993 3201 im·
1064 3127 1065 3188 l

235 3235 391 3311 pinguare
413 3235 567 3297 esuriem.
597 3235 626 3297 O
650 3236 727 3297 felix
742 3254 837 3296 mens
852 3247 885 3297 et
899 3238 994 3298 beata

235 3332 358 3408 anima3
387 3349 470 3408 quae
498 3344 530 3393 te
553 3333 730 3393 Dominum
758 3335 864 3394 Deum
894 3352 992 3396 suurn
1064 3341 1065 3376 ³

197 3440 380 3492 sumeretur
401 3431 517 3491 devote
532 3431 717 3508 suscipere:
740 3431 822 3492 etin
844 3441 900 3492 tua
921 3450 994 3492 sus·
1064 3499 1065 3508 ἒ

236 3527 385 3604 ceptione
403 3527 539 3603 spiritali
553 3528 671 3604 gaudio
687 3518 815 3604 repleri.
848 3528 991 3607 Oquam
1064 3527 1065 3542 ³

596 3631 634 3672 102
