2142 4194
558 454 676 499 Praefatio.

241 605 340 664 opera
361 589 518 665 ascetica‚
543 589 690 650 eiusdem
713 591 847 650 alteram
869 599 1000 665 partem

241 695 273 746 et
295 686 470 762 septimum
493 687 658 748 historica.
688 688 723 747 In
746 704 884 764 quorum
908 688 1001 748 serie

241 784 442 859 adornanda,
471 795 627 861 quantum
657 785 788 862 quidem
815 785 1000 862 aequabilis

241 880 410 942 cuiusdam
440 881 642 959 singulorum
669 883 872 943 voluminum
895 883 999 944 ambi-

240 989 293 1040 tus
315 981 440 1042 ratione
469 982 578 1042 habita
602 981 672 1041 fieri
695 982 814 1058 potuit,
844 981 913 1042 fere
943 983 999 1041 ad·

239 1077 432 1153 plicavimus
461 1096 522 1139 nos
551 1079 589 1138 ad
614 1077 757 1151 „Titulos
783 1079 940 1139 librorum
965 1089 999 1140 et

238 1184 431 1236 tractatuum
455 1177 563 1237 iratris
584 1178 695 1237 thome
715 1176 861 1252 kempis“
878 1177 997 1238 incerti

239 1272 391 1349 auctoris,
410 1274 469 1334 sed
484 1274 568 1335 intra
582 1275 805 1350 septendecim
822 1284 895 1351 post
910 1292 997 1335 mor·
1050 1289 1051 1368 ᾗ

238 1381 304 1431 tem
319 1369 464 1431 Thomae
486 1389 590 1432 annos
605 1372 774 1433 coniectos
787 1377 804 1432 ¹.
839 1373 997 1433 Emitten·
1050 1369 1051 1426 ἰ

238 1478 291 1529 tur
312 1479 420 1530 autem
449 1479 523 1546 post
550 1472 705 1531 volumen
729 1472 878 1546 tertium,
907 1472 995 1548 quod

239 1567 300 1626 sub
315 1568 406 1642 prelo
422 1577 481 1642 est,
503 1568 659 1644 deinceps
681 1579 820 1645 sextum,
842 1569 995 1645 primum,

239 1675 407 1742 quartum,
439 1667 632 1742 septimum,
660 1676 821 1728 octavum.
865 1667 901 1727 ln
930 1684 995 1744 qua

239 1763 418 1824 emissione
447 1781 489 1824 ne
518 1775 642 1825 rectum
672 1781 884 1825 numerorum
909 1765 994 1825 ordi-

238 1876 314 1919 nem
336 1860 558 1934 perturbatum
580 1877 655 1920 esse
670 1861 800 1937 mirere,
822 1879 905 1938 quae
921 1862 992 1922 eius

238 1956 462 2017 inmutationis
491 1975 589 2018 causa
616 1959 650 2018 in
682 1959 795 2036 quinto
826 1960 993 2020 volumine

239 2054 347 2131 fuerit,
368 2056 431 2116 iam
454 2074 553 2132 supra
568 2058 796 2133 exposuimus3
817 2057 851 2116 in
874 2057 992 2117 ceteris

239 2161 346 2213 autem
362 2153 401 2212 ad
413 2171 509 2214 usum
525 2155 688 2215 sermonis
698 2152 854 2214 Thomaei
866 2171 905 2214 ex
920 2154 990 2230 ipso

240 2251 328 2311 ionte
343 2253 605 2327 pernoscendum
621 2252 797 2329 optandum
813 2251 991 2326 videbatur,

238 2358 273 2408 ut
294 2349 435 2424 primum
459 2351 513 2427 qui
538 2361 693 2412 tractatus
722 2351 755 2410 in
784 2349 990 2426 autographis

237 2445 350 2506 insunt
378 2456 475 2524 atque
502 2458 576 2509 ante
598 2465 713 2509 omnes
739 2447 989 2524 praeclarissimi
1050 2477 1051 2518 4

238 2544 278 2604 de
305 2544 486 2605 imitatione
510 2546 635 2607 Christi
665 2564 748 2624 quae
777 2547 895 2606 dicitur
918 2545 988 2605 libri

239 2642 325 2702 ioras
348 2642 518 2719 darentur3
545 2645 671 2721 reliqua
697 2645 864 2704 volumina
887 2642 929 2716 „T
931 2643 989 2704 itu·

237 2740 362 2800 lorum“
386 2740 533 2801 ordinem
550 2752 663 2802 secuta
684 2759 721 2802 se
743 2741 894 2817 excipere
916 2758 988 2801 con·
1050 2781 1051 2820 4

237 2848 429 2898 sentaneum
452 2848 529 2898 erat.

279 2936 399 3011 Restat,
422 2945 457 2996 ut
472 2936 692 2997 subsidiorum
709 2937 742 2997 in
758 2937 896 3013 singulis
910 2946 988 2997 trac·

237 3034 356 3095 tatibus
378 3035 653 3111 recognoscendis
673 3034 950 3112 emendandisque
970 3053 988 3094 a
1050 3023 1051 3046 ¹

236 3149 289 3192 me
300 3132 517 3193 adhibitorum
530 3150 709 3210 eorumque
720 3133 886 3208 historiae,
897 3133 987 3193 aesti-
1050 3131 1051 3148 ¹

237 3230 405 3305 mationis,
434 3229 692 3307 diiudicationiS‚
721 3249 802 3292 usus
823 3231 857 3290 in
880 3230 986 3291 unius·

237 3327 584 3404 cuiusquevoluminis
596 3329 831 3406 epilegomenis
842 3338 986 3388 accurate
1050 3407 1051 3410 Ἴ

278 3543 350 3587 ²Cir.
366 3546 410 3589 vol.
426 3545 444 3587 V
457 3547 505 3602 385,
521 3548 565 3590 vol.
582 3547 664 3591 11475.

605 3627 623 3670 Χ
