2142 4194
88 453 376 506 mmm
451 454 501 495 122
572 454 852 506 sexul-&mm

91 587 332 663 perpenderes3
347 588 445 647 credo
461 587 547 663 quod
558 587 698 648 libenter
708 588 850 648 laborem

92 695 126 745 et
155 684 301 744 dolorem
332 684 530 745 sustineres:
562 693 594 745 et
624 685 706 746 nihil
735 685 852 762 rigoris

95 781 300 841 formidares,
343 781 408 842 Sed
437 781 513 858 quia
542 782 580 842 ad
610 800 666 842 cor
696 783 759 843 ista
786 801 850 843 non

93 890 276 955 transeunt,
291 889 323 940 et
338 879 559 945 blandimenta
573 881 679 941 adhuc
691 897 851 941 amamus:

93 976 168 1037 ideo
198 976 306 1054 frigidi
338 986 370 1037 et
399 978 493 1038 valde
521 978 603 1054 pigri
633 995 875 1039 remanemuss

95 1074 200 1151 Saepe
211 1084 262 1135 est
273 1075 383 1152 inopia
393 1075 544 1152 spiritus:
560 1076 647 1136 unde
661 1086 724 1136 tarn
736 1077 853 1138 leviter

94 1174 308 1251 conqueritur
329 1171 486 1234 miserum
503 1190 631 1250 corpus.
666 1173 734 1235 Ora
755 1173 852 1250 igitur

93 1271 263 1332 humiliter
284 1272 323 1332 ad
343 1270 531 1346 Dominum,
553 1280 588 1330 ut
610 1271 664 1332 det
686 1271 742 1332 tibi
766 1289 851 1332 corn-

92 1370 283 1446 punctionis
297 1368 465 1445 spiritum:
482 1376 514 1428 et
526 1367 578 1427 dic
594 1384 667 1428 cum
684 1370 851 1445 propheta.

93 1467 179 1528 Ciba
208 1483 261 1526 me
285 1465 426 1525 Domine
454 1481 538 1541 pane
567 1465 791 1525 lacrimarum:
819 1476 887 1526 etro

91 1574 205 1641 potum
231 1565 271 1624 da
293 1563 373 1623 mihi
396 1562 429 1622 in
459 1562 602 1622 lacrimis
631 1562 664 1621 in
687 1579 850 1623 mensura.

110 1760 170 1818 DE
192 1755 587 1820 CONSIDERATIONE
611 1757 833 1819 HVMANAE

363 1855 582 1916 MISERIAE.

323 2011 528 2061 CAPITVLVM
546 2013 625 2062 xxll.

92 2089 291 2310 ffilser
312 2167 349 2209 es
371 2147 569 2226 ubicumque
594 2149 697 2209 iueris
719 2159 751 2209 et
772 2167 851 2226 quo·
862 2168 887 2208 rs

240 2263 381 2323 cumque
397 2256 429 2306 te
444 2247 596 2307 verteris:
612 2246 675 2307 nisi
692 2248 731 2307 ad
744 2248 849 2307 Deum

92 2355 123 2406 te
153 2353 338 2405 convertas.
382 2343 470 2420 Quid
500 2343 657 2420 turbaris3
686 2344 850 2421 quianon

91 2442 241 2503 succedit
255 2443 313 2503 tibi
329 2441 415 2502 sicut
428 2441 480 2501 vis
495 2450 528 2501 et
542 2442 737 2503 desideras?
766 2443 851 2520 Quis
907 2508 915 2522 ‚

92 2550 142 2600 est
173 2539 229 2617 qui
261 2541 359 2600 habet
394 2539 504 2599 omnia
539 2542 721 2602 secundum
758 2558 850 2602 suam

2 2630 6 2647 '
92 2637 322 2697 voluntatem?
364 2637 434 2697 Nec
457 2652 517 2714 ego
542 2654 603 2698 nec
626 2649 676 2700 tu:
705 2656 767 2699 nec
795 2639 887 2699 ali-ao

92 2735 165 2811 quis
188 2735 359 2824 hominum
383 2745 633 2812 superterram.
672 2737 779 2797 Nemo
801 2746 851 2796 est

93 2831 125 2892 in
155 2833 280 2893 mundo
311 2833 384 2894 sine
416 2835 524 2911 aliqua
560 2834 767 2896 tribulatione
797 2834 849 2894 vel

93 2931 258 3007 angustia:
274 2931 426 3008 quamvis
441 2949 499 2993 rex
513 2933 555 2992 sit
570 2933 622 2993 vel
638 2949 729 3008 papa.
765 2930 851 3007 Quis

93 3038 141 3088 est
163 3027 218 3104 qui
249 3029 370 3090 melius
397 3031 522 3091 habet?
563 3029 684 3106 Vtique
713 3027 768 3104 qui
791 3046 849 3104 pro

95 3128 162 3188 Deo
185 3126 309 3203 aliquid
331 3127 395 3204 pati
418 3128 513 3188 valet.
544 3127 665 3187 Dicunt
683 3125 775 3186 multi
791 3126 886 3188 im·2s

3 3237 4 3252 ¹
93 3226 227 3286 becilles
259 3234 292 3285 et
323 3224 462 3286 infirmi:
494 3241 573 3286 ecce
603 3242 699 3301 quarn
731 3225 849 3284 bonam

94 3323 188 3384 vitam
205 3324 262 3384 ille
278 3324 377 3384 homo
392 3325 504 3384 habet:
527 3339 623 3400 quam
644 3321 737 3382 dives
752 3339 848 3398 quarn

95 3437 229 3497 magnus
258 3436 356 3496 quarn
379 3429 496 3497 potens
525 3430 558 3480 et
580 3420 741 3480 excelsus.
784 3419 848 3480 Sed

96 3520 220 3578 attende
236 3518 277 3577 ad
293 3516 446 3577 caelestia
461 3518 558 3592 bona3
573 3527 606 3577 et
621 3516 747 3577 videbis
762 3518 848 3593 quod

456 3621 480 3662 41
