2160 4194
79 448 839 502 fflfflffi4ffiffiffiffiffl

82 583 173 660 priae
196 582 382 644 voluntatis.
413 581 551 652 Patersi
575 599 640 643 non
663 591 770 657 potest
784 581 838 642 hio

83 681 167 740 calix
189 680 328 741 transire
350 678 413 739 nisi
436 679 543 739 bibam
569 679 678 739 illum:
708 678 762 739 liat
784 695 838 739 vo·

84 779 193 839 luntas
224 787 288 840 tua.
341 777 433 838 Hanc
465 776 562 837 etiam
593 777 838 852 promptissime

84 875 232 936 exhibuit
260 886 292 936 et
313 873 505 951 plenissime
535 872 697 950 expressit
722 871 838 933 beatis-

84 972 167 1033 sima
189 982 293 1034 mater
315 974 389 1032 lesu
412 971 502 1049 virgo
519 971 639 1032 Maria:
661 971 714 1031 his
729 970 862 1032 verbiss

84 1071 200 1131 dicens
230 1071 270 1130 ad
300 1070 462 1147 angelum.
514 1070 598 1130 Ecce
629 1068 747 1128 ancilla
775 1069 839 1128 Do·

85 1169 182 1229 mini:
206 1168 260 1228 fiat
277 1167 357 1228 milri
380 1167 562 1228 secundum
578 1168 713 1227 verbum
737 1176 839 1227 tuum.

86 1266 139 1326 Sic
162 1265 257 1326 decet
277 1263 411 1326 omnino
440 1263 488 1324 sic
510 1264 607 1324 debet
632 1263 691 1323 niti
722 1263 840 1337 lacere,

86 1373 116 1424 et
145 1362 243 1423 etiam
273 1361 382 1423 dicere
413 1363 520 1423 bonus
551 1362 702 1422 subditus
730 1378 838 1422 coram

85 1462 228 1538 praelato
251 1477 311 1521 suo
333 1477 407 1520 cum
431 1459 612 1521 humilitate
635 1469 666 1519 et
688 1474 877 1520 reveren-10

86 1559 138 1618 tia.
172 1558 256 1618 Ecce
279 1569 370 1633 parer
384 1558 469 1618 sicut
484 1557 592 1619 dicitis
606 1567 638 1618 et
653 1555 841 1617 consulitis:

88 1657 130 1718 ita
145 1656 287 1716 libenter
303 1655 417 1715 faciam
429 1672 487 1730 pro
498 1655 624 1715 viribus
634 1653 727 1714 meis,
751 1653 841 1713 Haec

87 1750 842 1829 namquevirtuspraeferturvictimisetdonis3

87 1854 167 1914 haec
203 1851 379 1929 praeterita
409 1852 494 1911 mala
529 1850 634 1924 delet,
669 1865 687 1907 a
723 1847 842 1908 futuris

88 1948 245 2011 custodit:
280 1965 419 2025 poenam
456 1949 540 2009 laxat
575 1957 607 2008 et
639 1947 678 2008 ab
710 1956 877 2010 aeternam

88 2048 294 2109 damnatione
323 2048 435 2108 salvat.
479 2047 543 2107 Per
571 2047 654 2106 hanc
680 2044 714 2106 lit
741 2047 841 2105 homo

88 2145 226 2206 dilectus
249 2145 337 2221 Deo;
359 2156 390 2205 et
412 2153 477 2205 tam
501 2142 670 2204 familiaris
689 2142 840 2204 Christo:

88 2255 120 2304 ut
136 2242 239 2303 irater
252 2242 325 2302 eius
345 2258 419 2302 esse
435 2251 608 2301 mereatur.
632 2240 841 2318 Quicumque

88 2340 192 2417 inquit
216 2338 331 2400 fecerit
352 2340 551 2399 voluntatem
572 2338 677 2398 Patris
699 2337 762 2397 mei
786 2338 841 2415 qui

88 2439 119 2498 in
142 2437 244 2498 caelis
266 2447 332 2498 est:
354 2435 425 2512 ipse
448 2452 542 2496 meus
565 2435 673 2510 frater,
695 2445 726 2495 et
749 2451 878 2496 sororao

88 2546 118 2595 et
140 2544 246 2596 mater
267 2545 326 2594 est.

127 2633 157 2694 0
188 2648 285 2708 quam
315 2630 459 2706 pretiosa
487 2640 537 2690 est
566 2631 646 2690 haec
674 2629 779 2690 virtus
808 2629 841 2689 in

88 2729 244 2791 subditis:
266 2739 301 2789 ut
323 2728 431 2789 securi
454 2744 563 2788 coram
580 2728 651 2788 Deo
668 2739 843 2804 appareant

87 2830 127 2888 de
149 2827 256 2904 culpis
281 2825 342 2886 sibi
365 2825 512 2886 obiectis,
556 2824 621 2901 Qui
645 2826 729 2885 hanc
753 2824 842 2902 eligit

87 2936 118 2985 et
140 2932 248 2998 tenet3
276 2933 366 2983 recto
388 2939 486 2982 cursu
509 2922 549 2982 ad
570 2922 704 2998 patriam
729 2921 878 2996 tendit‚2s

88 3039 184 3098 quam
214 3019 317 3080 Adam
347 3029 379 3079 et
409 3019 475 3079 Eva
504 3019 742 3080 inoboediendo
765 3019 842 3079 ami·

88 3128 218 3181 serunt:
241 3117 299 3179 sed
316 3117 472 3179 Christus
494 3127 525 3177 et
541 3117 646 3176 illaria
667 3133 725 3192 pro
747 3117 842 3177 nobis

89 3216 292 3277 oboediendo
322 3224 565 3292 recuperarunt.
613 3215 703 3276 Haec
732 3226 843 3275 sancta

89 3323 120 3374 et
134 3314 274 3390 simplex
289 3311 495 3374 oboedientia
510 3311 584 3388 plus
599 3312 730 3387 prodest
745 3329 841 3389 quam

89 3411 151 3471 alta
172 3410 336 3487 doctrina3
359 3411 548 3486 utiliorem,
570 3428 666 3487 quam
682 3412 879 3487 potentiano

91 3517 121 3567 et
143 3507 292 3569 securior
307 3525 402 3586 quam
419 3507 559 3585 dignitas
581 3518 635 3568 aut
650 3510 841 3584 praelatura.

445 3613 486 3654 aas
