2178 4186
110 475 871 540 ommosoaoaetosatosoaeaamsamaa

113 617 245 680 veniam
277 615 490 694 consequaris
521 624 554 675 et
586 614 734 674 salutem.
787 613 870 673 Nam

113 714 205 774 salus
236 715 395 776 iustorum
418 733 437 774 a
459 713 617 774 Domino:
649 722 681 773 et
709 715 872 788 protector

113 829 230 872 eorum
252 813 286 872 in
308 823 455 888 tempore
477 809 706 872 tribulationis,

150 1006 207 1067 DE
230 1006 376 1068 anoE
399 1007 470 1068 DEI
495 1006 550 1067 Ex
574 1004 840 1068 DEVOTIONE.

348 1161 554 1214 carrrvuvn
572 1162 642 1211 vm.
894 1165 908 1204 s

170 1340 205 1393 9
240 1299 872 1375 mnessancti‚omneslidelesetomnes

125 1434 138 1453 t
165 1416 198 1453 τ’
218 1418 228 1435 0
260 1407 428 1458 creaturae
439 1397 546 1456 Deum
559 1397 690 1457 laudare
706 1405 871 1457 tenentur:

115 1494 194 1572 quia
228 1495 402 1555 exaltatum
439 1503 489 1554 est
519 1509 639 1553 nomen
671 1493 743 1552 eius
774 1509 873 1568 super

115 1610 243 1654 omnes.
286 1592 352 1670 Qui
383 1592 489 1651 Deum
519 1590 665 1651 laudant:
695 1589 872 1650 laudabiles

115 1700 223 1750 erunt.
253 1689 319 1766 Qui
335 1706 414 1751 vero
431 1691 537 1750 Deum
554 1707 619 1750 non
635 1689 782 1764 laudant;
797 1704 872 1748 con·
884 1707 909 1748 ro

116 1787 249 1848 fusione
271 1797 348 1847 sunt
369 1786 474 1863 digni:
499 1798 531 1848 et
553 1786 640 1848 omni
663 1788 788 1847 honore
810 1787 873 1862 pri·

116 1884 226 1946 vandi.
263 1884 462 1944 Honorabile
485 1884 655 1944 servitium
678 1893 744 1958 est,
766 1893 798 1943 et
819 1883 873 1942 de·

117 1982 268 2044 lectabile
291 1980 453 2041 officium:
481 1981 579 2041 corde
608 1991 640 2042 et
661 1998 743 2040 voce
766 1982 872 2041 Deum

117 2080 268 2154 laudare,
299 2088 331 2139 et
363 2090 475 2140 sancta
502 2079 568 2140 vita
597 2079 789 2156 glorificare.
839 2079 872 2140 Si

119 2179 227 2238 Deum
256 2178 385 2252 laudas,
414 2176 495 2237 lacis
521 2177 607 2254 quod
629 2177 746 2238 debes:
775 2188 807 2238 et
834 2178 874 2237 ad
885 2197 910 2238 15

118 2275 206 2352 quod
228 2285 357 2336 creatus
380 2292 426 2335 es
469 2273 502 2335 Si
526 2275 633 2334 Deum
655 2291 720 2335 non
746 2275 875 2352 laudas3

118 2373 265 2449 ingratus
288 2390 324 2433 es
346 2382 379 2433 et
393 2389 526 2449 peccas:
548 2373 687 2449 luesque
708 2373 875 2450 ingratitu-

118 2469 206 2530 dinis
235 2479 309 2530 tuae
338 2485 462 2550 poenas
487 2469 631 2529 acerbas.
673 2467 873 2546 Angelorum

118 2584 203 2644 opus
223 2576 283 2642 est,
304 2578 337 2627 et
358 2577 544 2627 sanctorum
561 2565 706 2626 omnium
721 2567 874 2643 gaudium

118 2665 301 2742 singulare:
325 2665 432 2724 Deum
447 2681 484 2723 ac
500 2673 680 2725 creatorem
698 2682 805 2741 suum,
827 2665 911 2725 imao

118 2761 272 2824 cessablli
301 2761 421 2822 mentis
449 2759 568 2820 affectu
598 2762 747 2838 laudare,
777 2764 875 2823 bene-

118 2860 248 2935 dicere,
275 2869 307 2920 et
334 2858 526 2935 glorificare.
570 2858 740 2919 Imitantur
767 2869 874 2919 autem

119 2973 178 3019 eos
200 2957 256 3034 qui
279 2955 390 3016 divino
412 2955 521 3016 ollicio
543 2955 683 3016 libenter
704 2955 876 3030 intersunt,

119 3065 153 3116 ct
181 3055 214 3114 in
238 3053 378 3115 ecclesia
400 3052 461 3113 Dei
485 3051 602 3112 devote
625 3063 732 3113 orant:
762 3062 816 3112 aut
842 3052 874 3111 in

119 3154 221 3213 choro
257 3151 375 3212 debitis
411 3149 502 3211 horis
537 3149 687 3210 alacriter
723 3149 912 3226 psalluntzs

121 3251 308 3327 Numquam
331 3265 349 3307 a
371 3248 465 3308 laude
481 3247 542 3307 Dei
565 3257 597 3307 et
611 3247 723 3323 gratiis
745 3264 876 3307 cessan-

120 3349 198 3408 dum
213 3357 274 3422 est,
291 3346 367 3423 quia
382 3346 473 3405 Deus
488 3362 665 3422 numquam
681 3345 876 3406 benefacere

120 3455 244 3506 cessat:
274 3461 335 3505 nec
357 3459 565 3504 communem
587 3442 721 3519 gratiam
749 3442 875 3502 cunctis

119 3541 260 3602 influere
282 3541 394 3602 tardat.
424 3541 497 3616 Ipse
513 3556 654 3616 namque
672 3539 874 3615 singulorum

477 3643 514 3686 aar
725 3641 769 3683 24·
