2142 4194
102 469 848 525 mmmmm

99 620 137 663 ne
157 605 331 680 displiceas
347 605 434 664 Deo:
458 604 552 664 cuius
567 614 618 665 est
636 613 739 664 totum
755 603 847 679 quid·

99 701 266 778 quidboni
296 701 487 762 naturaliter
511 701 675 763 habueris.
718 703 792 762 Non
815 710 847 760 te

98 810 223 876 reputes
251 800 326 860 aliis
347 799 535 876 meliorem;
562 816 605 860 ne
627 800 711 860 iorte
738 815 846 858 coram

99 897 162 958 Deo
184 897 330 958 deterior
350 896 515 958 habearis:
538 897 593 972 qui
616 897 678 958 scit
697 896 774 974 quid
797 905 847 956 est

97 994 125 1054 in
146 995 290 1055 homine.
333 995 409 1055 Non
430 995 602 1071 superbias
631 996 670 1055 de
693 995 869 1071 operibuss

97 1093 202 1170 bonis3
225 1092 302 1169 quia
323 1093 417 1153 aliter
438 1103 515 1154 sunt
536 1094 656 1154 iudicia
672 1092 732 1152 Dei
749 1109 845 1168 quam

96 1190 338 1251 hominum:cui
347 1207 446 1268 saepe
455 1190 699 1267 displicetquod
708 1189 848 1249 homini·

95 1289 149 1348 bus
159 1290 277 1365 placet.
301 1287 335 1348 Si
347 1287 468 1365 aliquid
479 1289 556 1349 boni
567 1287 846 1363 habueris3crede

95 1387 130 1446 de
140 1387 213 1446 aliis
225 1386 375 1447 meliora:
386 1396 422 1447 ut
432 1387 648 1447 humilitatem
658 1403 847 1447 conserves.

96 1483 163 1543 Non
179 1492 280 1543 nocet
294 1484 321 1543 si
338 1483 491 1546 omnibus
506 1495 537 1545 te
553 1502 735 1563 supponas:
751 1494 847 1544 nocet
859 1502 883 1542 ιο
972 1551 974 1555 ,

95 1591 196 1641 autem
213 1581 403 1657 plurimum,
425 1581 452 1643 si
468 1583 521 1642 vel
537 1583 592 1643 uni
609 1593 640 1643 te
656 1599 847 1658 praeponas

95 1679 177 1756 iugis
206 1697 365 1756 parcum
395 1679 528 1740 humili:
557 1681 590 1740 in
619 1681 716 1740 corde
739 1689 845 1740 autem

93 1777 220 1852 superbi
244 1778 337 1836 zelus
359 1787 392 1837 et
413 1777 591 1854 indignatio
614 1778 780 1855 frequens.

238 1973 296 2033 DE
319 1972 538 2035 CAVENDA
564 1972 699 2033 ΝΙΜΙΑ

295 2069 646 2131 FAMILIARITATE.
859 2089 883 2130 ιε

322 2224 528 2274 CAPITVLVM
546 2225 617 2274 Vlll.

93 2303 256 2520 ΝΜ
279 2360 367 2420 omni
384 2360 508 2421 homini
525 2362 654 2421 reveles
669 2370 846 2420 cortuum:

221 2460 281 2518 sed
297 2475 370 2518 cum
387 2458 534 2534 sapiente
550 2468 582 2519 et
592 2457 727 2518 timente
740 2458 846 2520 Deum

92 2573 146 2633 age
170 2573 304 2616 causam
326 2567 424 2617 tuam.
454 2557 540 2618 Cum
557 2556 732 2617 iuvenibus
747 2565 779 2615 et
794 2572 848 2614 ex·

92 2654 212 2715 traneis
242 2671 335 2714 rarus
363 2665 444 2715 esto.
488 2654 574 2715 Cum
604 2655 759 2716 divitibus
781 2655 883 2714 noliao

92 2750 255 2811 blandire:
277 2759 309 2810 et
329 2768 436 2811 coram
454 2753 613 2829 magnatis
628 2770 693 2813 non
709 2753 848 2812 libenter

93 2864 257 2924 appareas.
287 2849 373 2910 Cum
390 2850 570 2910 humilibus
586 2861 619 2911 et
634 2849 848 2926 simplicibus,

93 2960 163 3004 cum
195 2944 324 3004 devotis
353 2956 385 3006 et
411 2947 616 3024 morigeratis
644 2948 787 3009 sociare:
816 2956 848 3007 et

93 3057 173 3116 quae
195 3041 443 3104 aedificationis
460 3055 537 3105 sunt
560 3055 729 3121 pertracta.
772 3043 846 3103 Non

93 3139 136 3199 sis
160 3139 331 3200 familiaris
352 3140 448 3200 alicui
464 3141 612 3202 mulieri:
634 3143 691 3203 sed
712 3143 744 3201 in
761 3158 883 3201 com-as

93 3236 182 3297 muni
211 3255 328 3298 omnes
355 3239 458 3298 bonas
487 3239 644 3299 mulieres
667 3241 738 3300 Deo
761 3256 847 3299 com-

93 3335 218 3395 menda.
262 3334 330 3395 Soli
358 3336 429 3395 Deo
458 3345 490 3396 et
518 3337 643 3413 angelis
673 3337 745 3397 eius
774 3347 848 3412 opta

94 3429 261 3492 familiaris
283 3449 375 3494 esse:
399 3443 430 3494 et
445 3433 615 3494 hominum
631 3433 777 3494 notitiam
794 3434 847 3493 de·

93 3528 164 3589 vita.
199 3529 330 3591 Caritas
345 3529 493 3590 habenda
508 3540 559 3590 est
573 3531 612 3590 ad
634 3547 766 3591 omnes:
789 3531 847 3590 sed

460 3635 484 3676 rs
