2138 4196
222 453 342 506 mma
414 453 452 494 ue
468 452 647 495 mrmrrour
663 452 787 496 cumsrr
859 455 981 508 few&

221 596 289 647 tum
313 595 470 662 reportat:
499 597 531 647 et
559 603 596 646 se
625 586 812 648 exauditum
842 597 981 651 testatur
1011 571 1012 575 ¹

221 684 344 744 diceus.
373 683 507 745 Audivit
523 684 686 744 Dominus
708 695 739 745 et
757 685 914 747 misertus
931 699 981 749 est

221 781 302 841 mei:
332 782 493 842 Dominus
516 782 621 842 iactus
650 792 700 843 est
721 782 849 844 adiutor
874 803 980 846 meus.

221 879 286 940 Sed
301 879 334 939 iu
350 881 443 956 quo?
472 880 674 942 Convertisti
691 880 797 958 inquit
811 883 978 957 planctum

197 993 329 1036 smeum
345 977 379 1037 in
393 977 546 1053 gaudium
565 977 662 1037 mihi:
685 989 717 1038 et
731 979 978 1040 circumdedisti

220 1092 272 1134 me
294 1073 425 1134 laetitia.
455 1073 488 1135 si
505 1074 552 1134 sic
569 1085 675 1136 actum
692 1085 742 1136 est
757 1094 830 1137 cum
849 1077 979 1154 magnis

219 1173 357 1248 sanctis3
386 1189 451 1232 nou
475 1181 525 1233 est
546 1172 785 1248 desperandum
805 1163 907 1234 vnobis
931 1175 978 1235 in·

219 1271 322 1332 firmis
344 1282 376 1331 et
397 1270 605 1346 pauperibus,
626 1271 654 1330 si
677 1271 840 1332 interdum
862 1271 896 1331 in
914 1273 976 1333 fer·

218 1386 297 1428 vore
326 1378 358 1429 et
387 1369 550 1429 interdum
580 1368 613 1428 iu
644 1369 818 1445 irigiditate
841 1387 976 1430 sumus:

184 1466 371 1541 toquoniam
395 1466 529 1542 spiritus
551 1465 641 1526 venit
663 1475 695 1526 et
717 1466 840 1538 recedit
857 1485 975 1528 secun-

217 1563 294 1622 dum
317 1580 396 1622 suae
412 1563 652 1640 beneplacitum
668 1565 854 1625 voluntatis.
878 1567 974 1627 Vude

216 1662 330 1721 beatus
363 1661 418 1721 Iob
449 1661 501 1721 ait.
550 1661 674 1722 Visitas
705 1679 780 1722 eum
812 1663 973 1724 diluculo:

217 1767 249 1819 et
270 1758 378 1819 subito
400 1760 518 1835 probas
540 1759 642 1819 illum.

257 1856 363 1933 Super
384 1857 461 1933 quid
486 1856 584 1933 igitur
605 1874 738 1933 sperare
760 1873 895 1932 possum
919 1867 974 1918 aut

182 1972 206 2012 15
216 1954 249 2014 in
265 1971 329 2031 quo
345 1954 510 2014 confidere
521 1955 641 2029 debe03
656 1954 720 2014 nisi
732 1954 765 2014 in
777 1956 846 2014 sola
857 1973 973 2032 magna

215 2051 440 2113 misericordia
462 2053 534 2128 Dei,
563 2063 595 2112 et
623 2052 656 2112 in
679 2054 748 2112 sola
770 2070 828 2129 spe
849 2053 972 2129 gratiae

215 2149 393 2210 caelestis?
422 2149 499 2211 Sive
511 2150 598 2209 enim
614 2150 717 2209 assint
727 2149 879 2210 homines
894 2151 971 2211 boni

215 2248 285 2308 sive
307 2249 415 2309 devoti
433 2249 550 2308 iratres
565 2249 616 2307 vel
633 2247 727 2309 amici
746 2247 876 2308 fideles:
899 2249 973 2309 sive

215 2344 287 2405 libri
319 2346 422 2406 sancti
454 2347 506 2406 vel
537 2354 692 2406 tractatus
723 2345 868 2422 pulchri,
899 2347 972 2407 sive

177 2457 204 2498 20
215 2443 320 2503 dulcis
331 2453 445 2504 cantus
461 2454 493 2503 et
507 2443 636 2520 hymni3
652 2443 761 2503 omnia
771 2445 852 2503 haec
868 2445 972 2504 modi-

214 2559 288 2602 cum
319 2541 447 2616 iuvant,
475 2541 639 2601 modicum
664 2541 810 2618 sapiunt:
840 2543 972 2618 quando

214 2641 364 2700 desertus
380 2657 452 2699 sum
466 2639 594 2715 agretia
605 2639 680 2699 etin
692 2639 971 2716 propriapauper·

213 2746 277 2798 tate
299 2737 443 2798 relictus.
485 2735 575 2796 Tunc
598 2754 662 2797 non
693 2747 743 2797 est
772 2737 891 2797 melius
920 2755 971 2798 re·

213 2834 373 2896 medium:
389 2851 485 2911 quam
501 2834 656 2909 patientia
670 2845 702 2895 et
717 2835 887 2912 abnegatio
903 2837 970 2897 mei

176 2933 246 2991 asin
268 2933 434 2993 voluntate
457 2932 529 2993 Dei.
570 2932 756 3009 Numquam
778 2933 889 2993 inveni
913 2934 971 2993 ali-

213 3047 310 3107 quem
340 3040 403 3090 tam
433 3031 621 3107 religiosum
651 3041 683 3090 et
712 3031 883 3107 devotum,
912 3032 970 3108 qui

212 3145 277 3188 nou
298 3128 447 3189 habuerit
462 3128 624 3188 interdum
640 3127 761 3204 gratiae
777 3128 970 3188 subtractio·

212 3243 302 3286 nem:
318 3236 451 3286 autnon
469 3225 610 3285 senserit
626 3223 766 3285 fervoris
781 3223 969 3285 diminutio·
1062 3233 1063 3238 ’

212 3341 297 3383 nem.
328 3323 447 3383 Nullus
463 3335 596 3384 sanctus
619 3324 679 3384 fuit
694 3333 759 3385 tam
777 3324 840 3383 alte
855 3333 970 3398 raptus

174 3429 244 3480 aoet
265 3420 483 3482 illuminatus:
505 3422 560 3498 qui
578 3422 669 3498 prius
691 3422 743 3480 vel
765 3430 878 3497 postea
899 3438 968 3481 nou

212 3518 310 3579 iuerit
331 3527 516 3595 temptatus.
560 3519 634 3579 Non
656 3517 744 3578 enim
774 3518 892 3595 dignus
917 3529 969 3580 est

575 3621 602 3663 rs
