2156 4168
397 416 563 472 Epilegomena.

96 563 280 624 imitatione
311 570 467 621 tractatus
500 557 581 619 nihil
618 557 688 618 lere
724 559 859 636 legebat,

95 644 189 704 illius
208 643 308 702 multa
323 641 409 701 dicta
423 639 581 700 memoria
595 639 735 700 tenebat.
764 638 859 716 Quae

96 723 155 783 ubi
178 733 252 799 post
273 721 372 782 vitam
395 721 532 795 orando,
554 720 739 794 laborando,
761 720 859 780 bene·

97 803 250 864 iaciendo
280 801 421 862 deditam
450 817 536 860 anno
565 799 679 860 aetatis
708 809 858 876 octogen-

97 883 185 943 simo
207 884 267 943 XV
291 882 362 942 Kal.
378 882 462 942 Nov.
477 879 781 942 MDCCCLXXVI
804 880 859 939 ob-

97 963 272 1038 dormivit,
306 979 372 1022 non
404 961 582 1036 habebam,
618 960 704 1019 unde
735 961 857 1020 scidam

97 1044 186 1104 vitae
208 1043 297 1103 illius
326 1041 542 1116 curriculum,
570 1040 700 1117 qualem
729 1057 859 1116 compo-

96 1141 180 1184 nere
201 1123 286 1200 apud
308 1131 470 1182 nostrates
485 1121 587 1181 moris
609 1130 669 1196 est,
691 1121 859 1188 continen-

96 1214 168 1264 tem
189 1202 352 1263 scribendi
375 1201 482 1278 aptius
502 1201 671 1261 exordium
694 1201 859 1276 ducerem,

97 1301 198 1361 quam
233 1301 252 1342 a
288 1281 403 1359 primis
440 1283 481 1342 de
515 1281 696 1342 imitatione
732 1280 857 1343 Christi

96 1363 210 1424 verbis
232 1381 273 1423 ex
288 1363 375 1422 ioan.
389 1366 419 1438 8,
442 1365 478 1421 12
499 1362 649 1437 sumptis.
679 1361 859 1437 Praecipue

98 1455 209 1504 antem
245 1443 342 1504 etiam
378 1443 462 1502 hanc
497 1443 538 1502 ob
576 1459 708 1502 causam
746 1442 859 1501 matris

97 1541 221 1584 nomen
250 1523 327 1583 huic
356 1522 438 1582 libro
465 1522 679 1598 praescripsi,
708 1530 743 1581 nt
764 1521 791 1580 si
815 1522 858 1582 le-

96 1613 232 1682 genteS,
260 1604 292 1664 id
321 1603 407 1680 quod
430 1619 507 1679 rogo
536 1603 765 1678 supplicoque,
794 1602 857 1661 mei

98 1685 172 1745 sive
199 1684 265 1744 vivi
295 1684 365 1743 sive
394 1683 512 1743 mortui
542 1683 661 1759 inpiis
689 1682 728 1741 ad
752 1683 857 1742 Deum

97 1764 253 1841 precibus
282 1763 352 1823 suis
381 1763 637 1823 misericorditer
666 1762 859 1822 meminisse

99 1845 276 1920 voluerint,
297 1861 340 1904 ne
360 1843 450 1903 illius
465 1843 597 1920 quidem
615 1843 858 1903 obliviscantur.

99 1925 195 2002 Quae
227 1942 301 1984 cum
333 1924 377 1984 ita
408 1934 538 1998 essent,
575 1923 695 1983 iactum
726 1932 793 1998 est,
824 1935 859 1982 ut

97 2022 185 2065 anno
202 2003 585 2066 MDCCCLXXXVIIII
602 2020 680 2063 cura
696 2003 856 2080 gymnasii

98 2085 300 2161 Kempensis
336 2084 468 2162 regendi
504 2084 544 2144 ad
580 2100 633 2143 me
665 2084 857 2144 deferretur.

97 2165 183 2225 Tum
205 2182 284 2225 vero
314 2181 373 2243 ego
394 2165 428 2225 in
450 2165 529 2225 tanti
557 2165 617 2224 viri
648 2164 728 2223 urbe
756 2164 859 2240 patria

98 2245 294 2305 condicione
316 2245 517 2322 quaestionis
532 2244 557 2306 T
560 2246 717 2304 homaeae
731 2244 765 2304 in
788 2244 858 2303 uni-

96 2343 233 2386 versum
269 2325 396 2402 cognita
434 2325 534 2384 libros
574 2325 858 2400 circumspectare,

96 2406 330 2481 undecumque
343 2422 541 2482 comparare,
556 2405 712 2479 lectitare,
727 2404 858 2464 codices

97 2486 268 2560 conferre,
298 2485 443 2545 virorum
472 2485 641 2545 doctorum
670 2485 717 2545 rei
740 2485 858 2561 perito-

97 2583 172 2626 rum
209 2566 356 2626 notitiam
388 2565 668 2642 epistularumque
699 2582 858 2625 commer-

97 2647 186 2706 cium
209 2662 378 2722 quaerere,
401 2646 517 2706 itinera
537 2646 655 2722 lacere,
676 2663 719 2706 ne
741 2646 857 2705 multa:

97 2727 140 2786 de
155 2725 280 2786 Thoma
301 2743 361 2801 per
380 2727 501 2786 multos
523 2743 626 2786 annos
644 2726 715 2786 dies
730 2735 858 2786 noctes-

97 2823 164 2883 que
179 2806 350 2881 sciscitari,
366 2806 589 2882 commentari,
611 2823 677 2865 non
693 2806 765 2865 sine
781 2806 857 2865 alio-

96 2904 171 2946 rum
193 2885 357 2946 interdum
380 2886 530 2946 molestia
551 2886 774 2946 sermocinari.
811 2886 858 2946 lta

96 2966 273 3026 consilium
303 2983 439 3042 operum
468 2967 614 3026 omnium
644 2966 732 3026 illius
760 2966 857 3025 eden-

97 3048 215 3107 dorum
245 3047 415 3107 subortum
440 3056 499 3106 est.
517 3072 527 3096 ·
543 3046 649 3108 Cuius
674 3046 856 3122 exequendi

98 3127 237 3188 facultas
268 3127 348 3187 mihi
380 3127 453 3186 data
486 3137 535 3186 est
571 3143 645 3186 cum
680 3126 856 3186 multorum

97 3207 238 3267 consilio
270 3223 435 3284 operaque
463 3216 531 3266 tum
560 3206 769 3266 benificentia
796 3207 856 3265 viri

97 3287 367 3348 excellentissimi
384 3305 494 3348 rerum
515 3287 810 3347 ecclesiasticarum
826 3299 858 3346 et

97 3368 369 3428 scholasticarum
392 3367 425 3427 in
444 3367 603 3428 Bornssia
625 3366 745 3427 summi
767 3382 857 3443 prae-

98 3447 194 3523 lecti,
223 3464 327 3525 aquo
356 3448 487 3524 publice
515 3448 686 3508 viaticatus
714 3448 753 3507 ad
782 3463 857 3506 con·

459 3569 501 3611 ⁴8⁵
