2156 4168
535 454 703 509 Epilegomene.

240 588 273 648 in
284 588 383 648 unius
393 588 466 647 libri
478 605 597 664 corpus
608 589 972 666 coalescerecoeperint
982 595 1001 651 ¹.
1029 647 1032 658 ,
1062 663 1063 666 ¹

240 667 335 745 Quae
351 685 425 728 cum
441 668 485 728 ita
500 668 574 744 sint,
590 686 698 745 neque
709 687 783 729 cum
795 670 1000 748 Rosweydo¹

240 749 274 808 in
296 766 331 808 re
352 759 417 809 tam
439 749 567 825 vulgata
595 749 677 809 nihil
706 749 867 811 inmutare
888 769 1000 828 neque

239 846 313 888 cum
336 829 364 888 D
385 838 417 889 et
440 829 670 889 Hetzenauero
696 830 842 891 codicem
864 830 891 890 A
915 832 998 892 nihil

239 910 362 969 addens
384 909 576 985 simpliciter
598 911 781 986 exprimere
802 911 909 987 volui,
938 913 998 972 sed

239 1006 280 1048 ne
295 990 379 1065 apud
390 989 530 1049 lectores
543 990 700 1050 tralaticio
711 991 804 1051 titulo
815 991 1000 1068 ordineque

238 1070 391 1130 adsuetos
416 1068 636 1144 offenderem,
664 1071 804 1131 mediam
833 1072 996 1148 quandam

237 1149 322 1209 viam
345 1149 514 1226 ingressus
543 1150 666 1210 codicis
686 1150 713 1210 A
738 1152 931 1212 memoriam
953 1153 999 1213 ita

237 1230 366 1305 retinui,
382 1240 416 1290 ut
426 1229 658 1306 inscriptiones
669 1230 803 1290 usitatas
814 1241 847 1292 et
856 1232 999 1309 singulis

236 1310 330 1370 libris
359 1310 489 1369 uncinis
522 1310 666 1370 inclusas
696 1328 933 1387 praeponerem
965 1323 998 1373 et

237 1391 270 1450 in
292 1391 430 1450 summis
452 1391 591 1467 singulis
612 1390 739 1467 paginis
761 1401 955 1467 repeterem.

278 1471 417 1531 Litterae
435 1469 505 1531 Cet
521 1469 554 1546 ll,
576 1471 616 1530 de
638 1471 756 1548 quibus
776 1489 876 1548 supra
889 1490 920 1549 p.
935 1475 995 1532 447

237 1551 319 1626 dixi,
349 1550 382 1610 in
411 1552 471 1610 hac
494 1551 637 1611 editione
665 1551 807 1611 omissae
833 1552 889 1612 ubi
912 1552 946 1612 in
968 1554 995 1614 A

238 1633 395 1708 legantur,
416 1631 539 1707 passim
561 1648 647 1691 novo
670 1649 768 1691 versu
790 1632 943 1694 indicavi.

277 1711 313 1772 ln
335 1712 407 1787 ipso
423 1711 579 1772 orationis
595 1720 746 1772 contextu
765 1713 996 1774 constituendo

237 1801 272 1851 ut
293 1809 403 1851 meum
425 1808 491 1851 non
518 1801 586 1852 erat
607 1791 752 1852 Thomae
778 1792 995 1854 soloecismos

237 1872 422 1946 emendare,
437 1873 550 1948 quales
566 1872 705 1948 exempli
721 1873 822 1948 gratia
838 1877 954 1949 sunt6‚
967 1891 996 1931 ao
1062 1879 1063 1894 ¹

236 1952 313 2023 illic,
340 1955 405 2027 161,
426 1969 453 2009 28
475 1952 638 2023 rehabere,
660 1955 730 2027 301,
750 1969 778 2009 24
799 1953 915 2024 lassus,
940 1963 995 2013 aut

236 2033 353 2092 menda
368 2032 517 2092 socordia
532 2032 802 2109 neglegentiaque
817 2042 888 2093 orta
904 2034 995 2094 velut
1064 2043 1065 2048 ’

234 2116 298 2188 4‚o
323 2113 500 2187 prudencia
529 2113 617 2172 iuxta
648 2115 702 2187 11,
732 2130 757 2170 ro
781 2113 994 2187 prouidencia

235 2188 360 2268 tollere,
382 2193 426 2253 ita
447 2210 555 2252 meros
578 2192 691 2252 calami
715 2209 854 2268 errores,
879 2195 994 2270 quales

235 2283 311 2333 sunt
336 2276 408 2348 133,
430 2290 445 2330 o
465 2273 648 2332 εοιηὸιιητε8
670 2282 702 2333 et
731 2273 813 2332 duae
842 2272 994 2351 dittogra-

235 2354 361 2429 phiae⁴,
384 2353 547 2429 corrigere
568 2369 634 2412 non
656 2353 810 2413 dubitavi.

275 2433 511 2493 Distinctiones
528 2432 753 2508 Hirschianas‚
776 2433 896 2510 quibus
917 2451 994 2494 con-

234 2523 389 2573 sonantes
411 2513 496 2572 inter
517 2530 553 2572 se
569 2513 807 2573 versiculorum
827 2515 994 2574 clausulas

234 2593 326 2670 quasi
349 2603 423 2653 ante
445 2594 559 2652 oculos
581 2591 717 2669 exprimi
740 2593 842 2654 voluit
852 2599 872 2669 ⁶,
897 2594 993 2672 sequi

233 2673 312 2733 mihi
335 2674 442 2733 visum
465 2690 530 2732 non
553 2683 602 2733 est
617 2673 670 2733 his
684 2673 788 2734 tribus
808 2673 994 2734 decausis:

235 2754 380 2813 Primum
396 2753 549 2813 versiculi
569 2753 602 2813 in
617 2753 643 2813 A
660 2771 725 2814 non
747 2753 803 2813 illo
826 2754 923 2814 modo
947 2755 994 2814 di·

233 2834 353 2909 stincti,
375 2834 432 2894 sed
456 2833 600 2894 continui
623 2844 716 2909 sunt;
737 2833 856 2893 deinde
876 2850 994 2911 magna

233 2932 389 2974 versuum
412 2931 487 2990 pars
509 2914 664 2974 extremis
686 2914 821 2991 syllabis
846 2925 902 2974 aut
925 2931 993 2974 om-

233 2995 310 3055 nino
340 3011 404 3054 non
434 3003 591 3054 consonat
620 3003 674 3054 aut
701 3004 765 3054 tam
795 2993 929 3070 leviter,
958 3005 993 3055 ut

233 3085 413 3135 concentus
428 3075 554 3133 aurium
571 3074 691 3134 iudicio
707 3074 792 3133 haud
809 3073 906 3134 facile
921 3091 992 3150 per·

274 3276 282 3303 ¹
296 3275 350 3318 vioe
365 3289 434 3328 supra
449 3289 472 3329 p.
487 3277 527 3318 464
540 3289 574 3330 sq.
604 3275 690 3318 Contra
704 3277 771 3318 sentit
786 3273 856 3329 Puyol
874 3277 990 3318 Varianus

233 3342 255 3382 p·
270 3330 322 3425 Ξῖ
322 3331 337 3424 ῗ
340 3332 371 3434 1p.
386 3384 427 3425 454
436 3395 487 3436 sqq.

273 3437 342 3488 ³114,
357 3455 367 3484 ⁴
381 3436 398 3477 A
414 3445 471 3478 recte
486 3436 550 3478 habet
564 3437 686 3479 comburas.

272 3492 281 3516 ⁴
296 3490 351 3531 Vide
366 3502 435 3542 supra
450 3502 473 3542 p.
489 3491 536 3532 454.

272 3541 345 3584 ten.
361 3543 454 3584 Hirscne
469 3542 476 3583 1
494 3543 606 3584 iza-215.
