2142 4194
96 601 169 652 tatu
200 592 339 653 deberes
368 602 497 652 tenere:
527 591 619 667 quasi
641 591 739 651 hodie
768 606 861 650 esses

98 689 293 750 moriturus.
323 690 357 751 Si
372 690 490 749 bonam
508 688 741 748 conscientiam
764 688 861 748 habe-

100 803 174 845 res:
190 802 257 845 non
267 786 405 846 multum
422 795 560 846 mortem
572 786 716 847 timeres.
739 785 861 846 Melius

99 892 580 960 essetpeccatacavere:quam
590 892 727 943 mortem
739 883 861 959 lugere.

101 978 138 1040 Si
161 979 260 1039 hodie
282 996 349 1040 non
371 995 408 1040 es
432 990 579 1057 paratus;
603 981 767 1058 quomodo
790 998 884 1041 crass

100 1077 199 1137 eris?
230 1077 315 1138 Cras
330 1088 382 1139 est
396 1078 467 1138 dies
488 1078 630 1155 incerta3
652 1079 778 1156 etquid
796 1079 862 1139 scis

101 1175 132 1234 si
149 1174 328 1234 crastinum
344 1174 507 1235 habebis?
544 1174 632 1251 Quid
652 1178 785 1253 prodest
806 1177 860 1236 diu

1 1278 3 1284 ’
101 1273 233 1348 vivere;
254 1272 383 1349 quando
406 1282 470 1332 tam
493 1290 606 1348 parum
623 1274 862 1334 emendamur?

101 1368 156 1429 Ah
181 1370 276 1445 longa
290 1369 356 1429 vita
376 1386 443 1429 non
465 1387 597 1446 semper
614 1371 781 1432 emendat:
803 1369 861 1430 sed

102 1483 204 1542 saepe
227 1468 354 1544 culpam
378 1467 481 1544 magis
503 1477 608 1544 auget.
650 1468 781 1529 Vtinam
803 1484 862 1543 per
873 1486 898 1529 m

102 1581 204 1623 unam
227 1564 312 1624 diem
337 1566 422 1625 bene
445 1583 596 1626 essemus
621 1565 805 1625 conversati
827 1564 860 1623 in

103 1661 169 1720 hoc
190 1662 322 1722 mundo.
352 1663 448 1724 malti
464 1680 568 1724 annos
584 1671 772 1739 computant
787 1679 862 1722 con·

101 1755 289 1818 versionis:
318 1760 376 1820 sed
399 1778 497 1837 saepe
519 1779 639 1836 parvus
664 1770 714 1820 est
736 1760 862 1821 fructus

103 1856 355 1916 emendationis.
383 1858 417 1918 Si
434 1858 681 1919 formidolosum
698 1868 748 1919 est
764 1858 861 1918 mori:

105 1952 243 2013 forsitan
266 1955 483 2031 periculosius
506 1957 568 2017 erit
589 1956 711 2017 diutius
739 1955 861 2016 vivere.
874 1975 898 2017 ιε

105 2051 230 2110 Beatus
258 2053 313 2128 qui
342 2055 456 2113 horam
485 2054 600 2114 mortis
628 2071 707 2114 suae
731 2069 862 2128 semper

104 2157 182 2208 ante
204 2149 317 2208 oculos
339 2151 452 2212 habet:
474 2163 506 2213 et
527 2154 566 2213 ad
581 2152 786 2213 moriendum
810 2167 862 2209 co·

104 2243 185 2304 tidie
214 2263 251 2305 se
279 2247 432 2325 disponit.
480 2250 515 2311 Si
547 2250 655 2310 vidisti
688 2249 860 2325 aliquando

104 2344 273 2406 hominem
303 2347 406 2408 mori:
437 2347 542 2424 cogita
572 2347 648 2423 quia
678 2357 711 2407 et
741 2355 774 2406 tu
803 2363 862 2422 per

103 2442 243 2502 eandem
255 2443 341 2504 viam
357 2444 520 2505 transibis.
543 2444 630 2505 Cum
642 2460 737 2503 mane
749 2443 860 2503 luerit:
871 2461 898 2501 oo

103 2548 183 2615 puta
205 2550 236 2600 te
259 2542 298 2602 ad
320 2558 494 2617 vesperum
523 2558 589 2601 non
616 2549 860 2616 perventurum.

104 2639 254 2715 Vespere
276 2647 384 2699 autem
408 2639 509 2699 facto:
536 2654 631 2698 mane
652 2654 719 2697 non
741 2637 861 2697 audeas

103 2736 162 2796 tibi
184 2736 343 2813 polliceri.
372 2736 509 2812 Semper
524 2752 601 2812 ergo
623 2744 754 2811 paratus
776 2745 861 2796 esto:

103 2843 138 2893 et
159 2834 268 2894 taliter
288 2835 379 2910 vive,
408 2843 443 2894 ut
464 2851 642 2911 numquam
671 2842 704 2894 te
726 2833 861 2909 impara-

103 2943 174 2992 tum
197 2950 287 2992 mors
308 2932 462 2992 inveniat.
501 2932 596 2992 Multi
620 2932 727 2991 subito
750 2940 781 2990 et
803 2930 898 2990 im-25

103 3030 237 3106 provise
266 3029 466 3090 moriuntur:
493 3047 568 3089 nam
598 3030 678 3088 hora
706 3045 770 3104 qua
795 3043 859 3086 non

103 3134 256 3202 putatur,
292 3125 393 3186 Filius
428 3126 572 3186 hominis
608 3135 767 3185 venturus
801 3134 860 3184 est.

105 3224 247 3300 Quando
269 3223 325 3283 illa
347 3233 491 3284 extrema
512 3227 593 3284 hora
614 3223 758 3298 venerit;
779 3222 861 3281 mul·

103 3330 172 3380 tum
196 3321 290 3380 aliter
314 3321 437 3380 sentire
466 3321 605 3398 incipies
633 3321 673 3380 de
702 3329 767 3380 tota
796 3319 861 3379 vita

105 3427 159 3477 tua
180 3417 372 3493 praeterita:
395 3427 427 3478 et
448 3418 541 3477 valde
557 3418 683 3477 dolebis
698 3418 774 3494 quia
795 3426 897 3479 tamao

105 3516 284 3592 neglegens
299 3524 332 3574 et
347 3514 506 3575 remissus
529 3515 628 3574 luisti.
659 3515 765 3591 Quam
783 3513 861 3574 felix

471 3619 498 3659 45
