2146 4194
85 474 363 529 coemens
425 476 497 519 1112⁷
557 477 839 532 [massanum

86 609 161 670 alias
177 627 252 670 caro
268 610 426 671 adversus
441 610 590 688 spiritum
613 611 837 674 insolesceret.

86 707 171 768 Inter
193 709 275 768 haec
295 725 418 785 quaeso
441 725 557 768 manus
586 719 640 770 tua
668 727 720 770 me
749 720 838 787 regat

85 813 115 864 et
135 805 266 866 doceat:
290 823 332 866 ne
353 806 432 883 quid
453 805 590 866 nimium
614 806 677 868 fiat.

85 1000 210 1078 QVOD
234 1001 449 1064 PRIVATVS
471 1001 602 1064 AMOR
624 1002 653 1062 Α
674 1001 837 1064 SVMMO

164 1099 290 1161 BONO
313 1099 494 1161 ΜΑΧΙΜΕ
518 1098 759 1161 RETARDAT.
860 1117 875 1160 s

297 1255 502 1306 CAPITVLVM
520 1256 624 1306 XXVII.
662 1329 663 1332 Ἴ

83 1333 239 1555 ffilli.
291 1391 429 1469 Oportet
461 1403 493 1454 te
529 1392 606 1453 dare
641 1403 744 1454 totum
780 1411 838 1470 pro

210 1501 294 1552 toto:
313 1501 345 1552 et
360 1492 441 1558 nihil
456 1491 503 1552 tui
519 1491 624 1569 ipsius
640 1508 725 1552 esse.
750 1490 838 1552 Scito

82 1589 168 1664 quod
191 1607 282 1650 amor
303 1589 350 1650 tui
380 1589 483 1666 ipsius
508 1589 611 1666 magis
640 1599 736 1649 nocet
764 1589 838 1649 tibi:

81 1702 179 1762 quam
202 1687 310 1764 aliqua
327 1703 381 1746 res
396 1686 519 1747 mundi.
548 1687 736 1748 Secundum
752 1703 839 1747 amo·
850 1706 875 1748 ro

82 1800 151 1844 rem
183 1795 214 1845 et
236 1784 389 1845 affectum
415 1801 512 1860 quem
541 1785 646 1862 geris:
676 1786 839 1863 quaelibet

82 1899 135 1942 res
164 1882 239 1958 plus
261 1883 313 1942 vel
336 1882 445 1942 minus
473 1882 636 1944 adhaeret.
680 1883 713 1944 Si
742 1883 839 1944 fuerit

81 1996 174 2039 amor
195 1989 271 2040 tuus
292 1997 394 2056 purus
416 1980 555 2056 simplex
584 1991 615 2042 et
643 1982 726 2042 bene
756 1981 839 2042 ordi-

80 2088 194 2138 natus:
217 2078 282 2138 eris
304 2079 376 2138 sine
399 2079 583 2155 captivitate
605 2096 724 2140 rerum.
763 2079 838 2140 Noli

81 2175 337 2260 concupiscere:
374 2177 461 2254 quod
496 2195 562 2238 non
598 2177 674 2238 licet
709 2178 876 2238 haberers

82 2273 158 2334 Noli
192 2274 330 2334 habere:
363 2276 450 2352 quod
480 2284 512 2335 te
543 2285 650 2352 potest
681 2275 839 2354 impedire

80 2384 112 2432 et
127 2373 278 2433 libertate
294 2370 440 2432 interiori
451 2372 590 2448 privare.
615 2373 737 2434 Mirum
753 2373 839 2450 quod

80 2487 147 2531 non
172 2487 213 2530 ex
234 2481 301 2531 toto
324 2470 424 2530 fundo
447 2471 556 2530 cordis
577 2481 609 2532 te
632 2471 739 2547 ipsum
759 2471 839 2530 mihi

80 2567 260 2629 committis
283 2585 356 2628 cum
380 2568 532 2628 omnibus
548 2585 630 2646 quae
653 2569 840 2629 desiderare

80 2676 177 2742 potes
199 2666 251 2725 vel
274 2666 404 2725 habere.
447 2664 559 2743 Quare
581 2683 665 2726 vano
691 2681 877 2725 maerorem

80 2763 307 2838 consumeris3
342 2780 402 2823 cur
434 2763 611 2839 superfluis
645 2763 734 2823 curis
771 2763 840 2824 iati-

79 2861 198 2938 garis?
240 2860 295 2922 Sta
323 2861 362 2920 ad
390 2860 630 2937 beneplacitum
654 2877 780 2920 meum:
809 2870 840 2920 et

79 2960 210 3019 nullum
232 2958 366 3035 patieris
388 2957 630 3019 detrimentum.
659 2958 693 3019 Si
709 2958 840 3036 quaeris

79 3059 144 3117 hoc
167 3057 220 3116 vel
243 3055 333 3132 illud,
355 3065 387 3116 et
409 3055 554 3116 volueris
571 3072 646 3116 csse
668 3055 712 3115 ibi
728 3056 780 3116 vel
795 3055 839 3114 ibi

79 3165 216 3231 propter
245 3164 337 3214 tuum
369 3155 577 3214 commodum
611 3163 642 3214 et
673 3153 876 3231 propriumzs

79 3252 323 3328 beneplacitum
335 3251 438 3328 magis
449 3250 839 3327 habendum:numquam

79 3350 148 3410 eris
177 3349 212 3408 in
242 3349 450 3426 quietudine,
478 3365 539 3409 nec
569 3349 651 3409 liber
679 3366 696 3408 a
721 3348 840 3408 sollici-

77 3448 213 3523 tudine3
242 3448 318 3524 quia
346 3447 379 3507 in
402 3447 490 3507 omni
520 3464 555 3506 re
580 3445 762 3522 reperietur
785 3446 840 3505 ali-

78 3545 157 3621 quis
179 3544 345 3605 defectus:
374 3554 406 3604 et
435 3544 468 3603 in
490 3544 578 3604 omni
602 3545 673 3604 loco
702 3544 763 3604 erit
785 3543 839 3619 qui

445 3649 483 3691 ms
692 3646 731 3689 ts·
