2146 4194
207 455 328 507 &m
398 453 438 496 DE
453 453 632 497 munione
647 452 771 496 CHRISTI
843 454 970 508 &Q

268 649 488 728 QVALlTER
516 646 733 709 INSTANTE
757 647 906 710 TRIBV-

270 748 460 810 LATIONE
481 746 593 807 DEVS
611 744 906 808 INVOCANDVS

322 844 399 907 EST
422 844 473 906 ET
496 843 852 906 BENEDICENDVS.

431 1016 636 1067 CAPITVLVM
654 1015 743 1066 XXIX.

185 1115 343 1336 5&st
357 1189 477 1233 nomen
493 1182 584 1232 tuum
599 1170 740 1230 Domine
754 1170 968 1232 benedictum

335 1270 368 1330 in
384 1269 529 1330 saecula:
544 1268 599 1346 qui
615 1267 747 1329 voluisti
763 1269 847 1328 hanc
863 1278 969 1345 temp-

209 1369 363 1430 tationem
392 1378 425 1428 et
453 1366 694 1427 tribulationem
724 1366 837 1427 venire
865 1384 970 1443 super

209 1483 271 1527 me.
302 1466 376 1527 Non
399 1481 534 1543 possum
556 1480 628 1523 eam
650 1463 813 1540 effugere3
835 1464 894 1525 sed
909 1483 968 1526 ne-

209 1580 304 1624 cesse
326 1563 430 1623 habeo
451 1563 491 1624 ad
513 1573 544 1623 te
567 1561 759 1638 confugere:
782 1572 816 1623 ut
838 1579 890 1623 me
912 1563 969 1623 ad-

175 1663 303 1730 ioiuves
326 1672 358 1722 et
378 1661 411 1720 in
434 1662 556 1721 bonum
579 1659 657 1719 mihi
680 1670 863 1720 convertas.
901 1660 969 1720 Do·

210 1759 308 1834 mine,
330 1758 426 1819 modo
449 1775 522 1818 sum
545 1757 578 1817 in
601 1757 824 1833 tribulatione;
846 1768 877 1818 et
899 1774 968 1818 non

210 1868 260 1919 est
288 1857 376 1918 cordi
400 1874 473 1916 meo
496 1856 596 1916 bene:
625 1855 683 1915 sed
705 1855 843 1916 multum
865 1872 972 1915 vexor

209 1973 227 2016 a
249 1955 411 2033 praesenti
434 1954 597 2030 passione.
634 1953 672 2013 Et
694 1969 780 2012 nunc
804 1953 898 2012 Pater
921 1952 971 2012 di-

210 2053 293 2114 lecte
304 2052 381 2130 quid
393 2052 524 2114 dicam?
546 2052 781 2128 Deprehensus
797 2067 869 2110 sum
881 2049 972 2110 inter

178 2149 386 2226 isangustias.
416 2147 567 2210 Salvifica
582 2165 634 2207 me
652 2164 692 2207 ex
706 2148 787 2209 hora
801 2148 871 2207 hac.
900 2146 971 2208 Sed

210 2257 381 2324 propterea
396 2246 470 2306 veni
487 2246 520 2305 in
536 2246 619 2305 hanc
636 2246 759 2320 horam,
776 2254 811 2305 ut
825 2254 860 2305 tu
876 2244 975 2306 clari-

211 2344 336 2404 ficeris:
365 2360 439 2405 cum
470 2344 563 2404 fuero
585 2342 691 2403 valide
720 2342 911 2403 humiliatus
937 2355 975 2405 et

211 2452 315 2518 perte
333 2442 499 2502 liberatus.
523 2440 734 2518 Complaceat
752 2440 808 2501 tibi
826 2440 975 2501 Domine

211 2551 246 2601 ut
261 2556 357 2600 eruas
372 2557 441 2599 me:
464 2556 538 2599 nam
554 2555 614 2615 ego
630 2554 753 2616 pauper
772 2537 849 2614 quid
872 2555 976 2614 agere

174 2653 363 2714 20possum3
386 2646 417 2697 et
432 2654 496 2714 quo
519 2637 572 2696 ibo
594 2636 666 2696 sine
688 2635 747 2696 te?
782 2636 831 2695 Da
845 2635 977 2712 patien-

211 2734 286 2795 tiam
317 2734 475 2794 Domine:
504 2734 600 2794 etiam
629 2735 690 2793 hac
716 2732 798 2793 vice.
840 2730 977 2793 Adiuva

211 2848 264 2891 me
280 2832 371 2892 Deus
387 2847 498 2892 meus:
521 2842 553 2892 et
574 2847 639 2891 non
661 2830 782 2891 timebo
798 2840 976 2907 quantum-

211 2946 352 3006 cumque
373 2940 524 3006 gravatus
555 2929 658 2989 fuero.
702 2927 739 2988 Et
768 2944 855 2987 nunc
885 2927 978 2988 inter

212 3028 292 3086 haec
315 3027 392 3104 quid
414 3026 547 3086 dicam?
578 3025 719 3086 Domine
742 3024 796 3085 fiat
817 3025 976 3086 voluntas
1071 3069 1072 3078 i

174 3134 282 3190 zatun:
304 3141 364 3201 ego
386 3125 470 3185 bene
486 3124 591 3184 merui
613 3122 758 3184 tribulari
782 3133 814 3183 et
832 3124 977 3198 gravari.

214 3221 350 3299 Oportet
372 3221 485 3299 utique
507 3231 542 3282 ut
565 3221 763 3296 sustineam;
792 3231 824 3281 et
845 3221 976 3283 utinam

212 3319 388 3395 patienter:
419 3320 524 3380 donec
554 3329 698 3380 transeut
727 3328 908 3394 tempestas
940 3329 979 3381 et

213 3417 332 3478 meiius
348 3417 411 3478 flat.
436 3418 557 3479 Potens
573 3429 623 3479 est
637 3428 745 3478 autem
761 3416 978 3493 omnipotens

214 3532 330 3575 manus
346 3525 400 3576 tua
414 3515 510 3576 etiam
527 3517 610 3576 hanc
626 3514 870 3592 temptationem
886 3532 979 3578 ame

574 3620 611 3662 iao
