2142 4194
225 445 345 496 mm
416 444 649 487 DEIMITATIONE
665 444 789 486 CHRISTI
860 445 985 497 &Q

1065 533 1066 554 r

226 577 335 638 omnia
345 579 407 638 ista
416 578 607 653 temporalia
617 579 706 639 nulla
716 587 802 652 sunt,
818 577 875 636 sed
887 561 984 638 valde

225 675 349 736 incerta
364 684 395 736 ct
406 675 508 751 magis
518 674 699 750 gravantia:
716 676 791 751 quia
802 693 982 752 numquam

224 773 297 833 sine
326 771 545 834 sollicitudine
567 781 599 831 et
621 771 737 834 timore
760 775 983 851 possidentur.

226 872 300 931 Non
329 882 380 932 est
408 872 552 932 hominis
583 872 722 932 Felicitas
751 873 872 933 habere
900 881 984 934 tem-

201 970 347 1046 sporalia
375 971 414 1030 ad
442 969 687 1030 abundantiam:
716 971 774 1030 sed
804 971 925 1030 suflicit
951 971 981 1032 ei

225 1067 443 1128 mediocritas.
458 1069 546 1129 Vere
557 1067 689 1129 miseria
700 1077 750 1128 est
758 1066 870 1128 vivere
881 1086 985 1146 super

225 1175 353 1227 terram.
390 1166 521 1243 Quanto
544 1168 642 1226 homo
658 1166 798 1226 voluerit
819 1183 894 1227 esse
916 1167 983 1244 spi-

226 1262 382 1339 ritualior,
397 1273 484 1323 tanto
495 1281 653 1340 praesens
664 1264 730 1324 vita
740 1265 775 1324 lit
785 1264 815 1324 ei
827 1264 982 1326 amarior:

225 1361 301 1438 quia
322 1361 421 1421 sentit
449 1360 568 1421 melius
597 1370 629 1421 et
657 1361 745 1422 videt
773 1361 894 1421 clarius
922 1363 983 1422 hu·
1068 1394 1069 1416 r

190 1476 339 1519 romanae
356 1457 574 1535 corruptionis
589 1457 748 1518 deiectus.
773 1458 857 1518 Nam
873 1477 982 1520 come·

224 1561 302 1621 dere
324 1557 435 1618 bibere
457 1557 591 1633 vigilare
620 1556 780 1631 dormire,
807 1556 982 1632 quiescere
1068 1543 1069 1548 ἵ

225 1657 381 1730 laborare,
398 1665 429 1714 et
445 1653 564 1714 ceteris
579 1652 831 1714 necessitatibus
845 1664 981 1715 naturae

225 1753 405 1828 subiacere,
427 1769 504 1812 vere
527 1769 643 1828 magna
657 1751 790 1811 miseria
809 1761 859 1813 est
880 1762 912 1813 et
934 1754 982 1814 al·
1069 1805 1070 1810 ,

225 1849 324 1910 flictio
346 1849 470 1909 homini
494 1850 627 1909 devoto:
652 1849 707 1925 qui
730 1849 870 1910 libenter
891 1863 982 1913 esset

190 1969 214 2009 rs
224 1949 392 2009 absolutus
408 1956 440 2007 et
454 1946 537 2006 liber
552 1947 590 2006 ab
606 1946 694 2006 omni
710 1956 853 2022 peccato.
876 1949 981 2009 Valde

224 2046 311 2107 enim
344 2054 496 2121 gravatur
531 2043 667 2104 interior
701 2045 800 2105 homo
835 2048 982 2107 necessi-

223 2143 343 2204 tatibus
356 2141 579 2219 corporalibus
594 2142 628 2202 in
643 2144 705 2202 hoc
721 2144 853 2204 mundo.
884 2144 981 2205 Vnde

223 2241 381 2318 propheta
402 2240 519 2300 devote
535 2249 641 2316 rogat:
663 2240 816 2316 quatinus
836 2241 919 2302 liber
941 2244 980 2303 ab

223 2338 296 2399 istis
311 2356 386 2398 esse
399 2339 504 2398 valeat
519 2337 642 2398 dicens.
666 2338 715 2397 De
726 2339 980 2399 necessitatibus

106 2463 108 2468 ·
186 2436 307 2496 zomeis
336 2453 414 2496 eruc
444 2453 496 2495 me
526 2434 677 2495 Domine.
726 2434 791 2495 Sed
822 2453 881 2495 vae
913 2453 980 2496 non

223 2533 496 2612 cognoscentibus
505 2550 596 2592 suam
606 2532 787 2593 miseriam:
799 2533 981 2609 etamplius

223 2649 283 2692 vae
312 2632 378 2691 illis
407 2631 461 2708 qui
492 2630 630 2707 diligunt
656 2632 740 2691 hanc
766 2631 919 2691 miseram
948 2641 980 2691 et

223 2730 466 2806 corruptibilem
482 2729 591 2790 vitam.
622 2731 704 2790 Nam
721 2730 753 2790 in
770 2738 892 2789 tantum
909 2729 980 2806 qui·

223 2827 294 2887 dam
317 2829 401 2888 hanc
424 2828 679 2903 amplectuntur,
708 2827 783 2888 licet
805 2826 901 2887 etiam
924 2827 980 2887 vix

185 2925 409 2987 zsneccssaria
450 2926 626 2986 laborando
668 2935 723 2986 aut
762 2923 979 2985 mendicando

222 3021 377 3082 habeant:
407 3031 442 3082 ut
470 3023 497 3083 si
527 3032 663 3099 possent
691 3023 744 3082 hic
772 3039 905 3098 semper
933 3023 980 3082 vi-

222 3136 311 3195 vere,
333 3120 373 3179 de
395 3138 495 3196 regno
512 3121 573 3181 Dei
590 3121 671 3182 nihil
688 3129 848 3181 curarent.
878 3119 907 3181 Ο
932 3121 980 3182 in·

222 3217 292 3279 sani
316 3227 348 3278 et
363 3218 513 3280 infideles
528 3221 643 3296 corde3
665 3219 719 3296 qui
736 3228 800 3279 tam
816 3218 979 3294 profunde

222 3316 254 3376 in
277 3315 417 3377 terrenis
440 3317 561 3377 iacent:
591 3326 626 3377 ut
647 3316 729 3376 nihil
751 3315 814 3376 nisi
837 3315 981 3376 carnalia

184 3413 358 3489 sosapiant.
382 3413 447 3474 Sed
463 3413 575 3474 miseri
588 3415 693 3475 adhuc
709 3413 741 3473 in
758 3413 822 3473 fine
837 3413 981 3489 graviter

222 3512 380 3572 sentient:
404 3529 499 3588 quam
523 3512 588 3572 vile
604 3520 636 3572 et
653 3511 790 3572 nihilum
807 3520 876 3572 erat
891 3513 980 3588 quod

585 3616 612 3657 42
