2146 4194
196 437 318 491 m
389 437 627 482 DEIMITATIONE
642 437 766 482 CHRISTI
837 439 963 492 Q&

195 572 362 649 implicer3
379 572 522 633 amultis
533 573 784 633 necessitatibus
799 574 960 650 eorporis,

198 687 240 730 ne
262 671 427 746 voluptate
448 670 572 747 capiar:
594 670 633 731 ab
649 670 814 730 universis
829 672 959 732 animae

197 767 392 843 obstaculis,
420 784 462 827 ne
491 767 652 827 molestiis
682 766 803 828 fractus
825 768 959 829 deiciat.

197 866 272 926 Non
295 866 368 927 dico
390 867 429 926 ab
451 866 504 926 his
526 867 624 926 rebus
646 882 727 942 quas
746 874 813 926 toto
836 864 958 926 affectu

174 963 432 1024 sambitvanitas
443 963 738 1039 mundana;sedab
749 962 801 1022 bis
811 963 959 1023 miseriis

197 1077 279 1136 quae
302 1062 442 1121 animam
473 1062 559 1122 servi
590 1062 636 1122 tui
666 1060 832 1122 communi
856 1061 958 1120 male·

196 1157 282 1218 dicto
313 1158 518 1219 mortalitatis
548 1161 730 1236 poenaliter
758 1168 892 1235 gravant
924 1169 958 1219 et

197 1255 958 1333 retardant:neinlibertatemspiritusquotiens

197 1352 328 1412 libuerit
349 1353 455 1414 valeat
477 1353 621 1414 introire.

163 1467 188 1508 to
238 1450 267 1512 Ο
285 1450 376 1511 Deus
391 1468 487 1511 meus
501 1451 639 1512 dulcedo
655 1450 848 1528 ineffabilis3
862 1461 958 1512 verte

198 1549 277 1609 mihi
294 1549 327 1608 in
343 1549 603 1624 amaritudinem,
618 1566 749 1609 omnem
761 1549 958 1610 consolatio-

197 1665 273 1708 nem
296 1647 458 1707 carnalem
481 1647 520 1707 ab
542 1655 749 1707 aeternorum
768 1663 879 1706 amore
900 1663 956 1706 me

198 1745 458 1805 abstrahentem:
481 1753 513 1804 et
535 1744 574 1803 ad
595 1760 632 1803 se
648 1743 766 1804 intuitu
784 1743 956 1804 cuiusdam

197 1843 273 1903 boni
296 1841 499 1902 delectabilis
513 1841 696 1918 praesentis
711 1844 796 1902 male
810 1841 956 1902 allicien-

164 1950 273 2001 15tem.
322 1939 397 1998 Non
426 1955 479 1998 me
507 1937 615 1998 vincat
645 1938 736 1998 Deus
764 1956 859 1999 meus
886 1955 955 1998 non

197 2039 306 2099 vincat
328 2055 402 2098 caro
425 2046 457 2097 et
478 2037 628 2114 sanguis3
652 2055 717 2098 non
740 2052 792 2095 me
814 2034 956 2110 decipiat

197 2137 340 2196 mundus
369 2145 400 2196 et
429 2135 540 2195 brevis
560 2134 663 2212 gloria
689 2134 777 2195 eius:
805 2150 871 2193 non
898 2149 955 2192 me

198 2235 382 2311 supplantet
404 2233 553 2294 diabolus
576 2243 607 2294 et
629 2233 746 2293 astutia
766 2231 865 2292 illius.
903 2231 956 2291 Da

198 2332 277 2393 mihi
302 2331 524 2392 fortitudinem
548 2329 739 2406 resistendi;
764 2329 954 2407 patientiam

161 2429 373 2490 antolerandi:
395 2429 609 2489 constantiam
625 2427 867 2504 perseverandi.
904 2427 957 2487 Da

198 2546 256 2604 pro
278 2528 431 2589 omnibus
453 2527 564 2586 mundi
581 2524 859 2586 consolationibus
880 2540 958 2585 sua·

198 2625 366 2685 vissimam
389 2623 524 2701 spiritus
546 2621 592 2682 tui
615 2621 819 2682 unctionem:
841 2631 873 2682 et
894 2639 957 2697 pro

198 2723 318 2783 carnali
341 2739 452 2782 amore
474 2721 519 2781 tui
542 2720 685 2780 nominis
709 2719 845 2779 infunde
866 2736 958 2780 amo·

199 2837 278 2880 rem.
313 2821 397 2880 Ecce
419 2819 512 2879 cibus
535 2828 631 2896 potus
652 2817 765 2893 vestis,
787 2834 823 2877 ac
846 2827 959 2877 cetera

162 2916 352 2977 zsutensilia
372 2917 412 2976 ad
435 2915 581 2991 corporis
602 2915 860 2976 sustentaculum
884 2932 960 2992 per·

198 3014 350 3074 tinentia:
381 3013 519 3074 lerventi
549 3012 676 3090 spiritui
706 3023 782 3074 sunt
805 3029 959 3074 onerosa.

199 3109 318 3171 Tribue
347 3111 466 3171 talibus
498 3110 652 3170 lomentis
682 3119 860 3188 temperate
893 3111 960 3172 uti:

199 3227 265 3269 non
288 3208 451 3269 desiderio
474 3209 575 3268 nimio
605 3207 772 3284 implicari.
813 3205 961 3268 Abicere

199 3306 308 3366 omnia
324 3323 388 3366 non
412 3307 502 3367 licet:
525 3306 600 3383 quia
615 3315 730 3366 natura
744 3306 962 3382 sustentanda

163 3414 259 3465 aoest.
303 3403 482 3479 Requirere
500 3412 608 3463 autem
631 3403 796 3479 superflua
818 3411 849 3462 et
872 3420 962 3480 quae

200 3500 302 3577 magis
317 3499 478 3560 delectant
498 3501 550 3560 lex
566 3511 677 3561 sancta
692 3499 857 3576 prohibet:
881 3517 962 3562 nam

559 3606 598 3646 194
