2142 4194
216 458 337 510 &m
409 457 446 498 DE
463 455 642 499 ΙΜΙΤΑΤΙΟΝΕ
657 456 781 498 CHRISTI
852 457 973 508 &affl

216 599 248 651 te
264 590 422 666 primum:
440 600 472 650 et
487 590 663 650 admoneas
679 599 710 650 te
726 590 832 666 ipsum
849 590 973 666 specia-

216 688 291 749 liter
312 706 389 765 prae
414 687 567 748 omnibus
588 687 645 748 tibi
669 687 806 748 dilectis.
850 686 883 747 Si
906 705 972 747 non
1066 721 1067 758 2

216 788 318 847 habes
349 787 494 847 favorem
525 786 695 847 hominum
731 785 798 846 noli
833 802 874 845 ex
909 787 972 846 hoc

216 883 354 959 tristari3
375 884 434 944 sed
456 885 518 944 hoc
541 884 583 944 sit
604 883 661 944 tibi
679 900 788 960 grave,
809 883 885 959 quia
906 900 972 943 non

193 983 318 1042 shabes
332 993 365 1042 te
379 982 459 1042 satis
474 982 558 1042 bene
573 990 605 1042 et
621 981 871 1058 circumspecte:
888 982 973 1042 sicut

216 1081 348 1141 deceret
371 1080 432 1140 Dei
455 1097 587 1141 servum
613 1088 645 1139 et
669 1080 822 1139 devotum
845 1079 974 1155 religio·

216 1195 290 1238 sum
313 1179 512 1239 conversari.
541 1177 662 1239 Vtilius
684 1187 735 1238 est
755 1194 854 1254 saepe
876 1188 909 1238 et
922 1195 973 1238 se-

217 1275 328 1336 curius
344 1276 430 1351 quod
445 1277 544 1336 homo
559 1294 625 1336 non
641 1277 758 1336 habeat
768 1276 887 1336 multas
897 1292 973 1335 con-

216 1371 394 1433 solationes
415 1373 447 1433 in
463 1376 524 1433 hac
540 1373 620 1434 vita:
643 1374 824 1435 secundum
840 1391 972 1434 carnem
1012 1367 1016 1378 '

182 1471 402 1547 inpraecipue.
426 1469 548 1530 Tamen
560 1471 646 1547 quod
658 1471 785 1533 divinas
794 1489 860 1531 non
877 1472 974 1532 habe·
1068 1505 1069 1542 2

217 1586 291 1628 mus
319 1578 374 1629 aut
403 1569 508 1628 rarius
532 1568 711 1644 sentimus,
739 1587 801 1630 nos
821 1569 855 1629 in
879 1570 974 1646 culpa

216 1683 348 1742 sumus;
370 1667 446 1743 quia
468 1666 753 1742 compunctionem
776 1667 884 1728 cordis
906 1685 972 1728 non

217 1763 422 1840 quaerimus:
451 1781 512 1824 nec
541 1781 642 1824 vanas
671 1775 704 1825 et
732 1774 884 1826 externas
906 1783 974 1826 om·

216 1862 295 1922 nino
323 1861 492 1922 abicimus.
540 1862 715 1939 Cognosce
743 1871 775 1923 te
802 1863 973 1941 indignum

183 1959 326 2022 isdivina
355 1959 595 2020 consolatione:
624 1960 682 2020 sed
711 1961 813 2037 magis
839 1961 973 2039 dignum

217 2059 318 2118 multa
328 2057 546 2118 tribulatione.
572 2057 712 2134 Quando
727 2061 826 2119 homo
837 2070 888 2120 est
902 2077 975 2136 per·
1030 2055 1034 2062 ’

218 2156 303 2216 lecte
325 2165 558 2230 compunctus:
581 2165 658 2216 tunc
673 2156 782 2233 gravis
797 2167 830 2217 et
844 2175 976 2218 amarus

217 2263 268 2314 est
289 2253 318 2313 ei
342 2263 429 2313 totus
451 2254 602 2314 mundus.
646 2255 760 2314 Bonus
784 2255 883 2313 homo
907 2255 976 2314 sul-

218 2351 381 2411 licientem
414 2350 540 2411 invenit
570 2351 739 2411 materiam
775 2351 905 2411 dolendi
943 2363 978 2413 et

153 2499 166 2512 η,
180 2447 326 2509 aliendi.
365 2447 443 2508 Sive
465 2448 552 2508 enim
576 2465 612 2508 se
635 2449 820 2509 considerat
841 2449 912 2509 sive
934 2449 974 2510 de

217 2546 365 2622 proximo
396 2555 527 2622 pensat:
563 2545 624 2606 scit
660 2546 735 2622 quia
770 2562 868 2605 nemo
902 2545 976 2607 sine

217 2643 425 2704 tribulatione
440 2643 494 2703 hic
509 2642 599 2702 vivit.
629 2642 667 2702 Et
689 2653 809 2719 quanto
828 2645 977 2706 strictius

218 2759 293 2803 sese
329 2741 532 2801 considerat:
572 2748 661 2799 tanto
701 2742 841 2817 amplius
877 2744 977 2805 dolet.

218 2839 377 2901 Materiae
405 2838 481 2898 iusti
512 2838 634 2898 doloris
663 2847 695 2898 et
716 2838 863 2899 internae
888 2854 978 2898 com·

181 2937 405 3014 25punctionis
427 2945 503 2995 sunt
531 2944 664 3012 peccata
692 2944 724 2995 et
747 2930 825 2992 vitia
846 2942 978 3008 nostra3

218 3035 338 3113 quibus
374 3034 418 3093 ita
453 3032 590 3093 involuti
627 3032 791 3092 iacemus:
832 3039 867 3090 ut
903 3047 978 3089 raro

219 3131 373 3192 caelestia
396 3129 607 3206 contemplari
633 3130 810 3190 valeamus.
853 3126 886 3188 Si
914 3127 979 3187 lre·

219 3230 374 3307 quentius
396 3229 435 3289 de
458 3238 563 3289 morte
584 3235 655 3303 tua,
684 3243 780 3303 quam
810 3226 850 3286 de
874 3225 979 3302 longi·

219 3327 332 3388 tudine
355 3328 440 3387 vitae
463 3325 638 3402 cogitares:
661 3341 726 3383 non
742 3323 875 3383 dubium
897 3322 979 3399 quin

183 3447 210 3486 ao
221 3425 402 3486 ferventius
417 3435 449 3485 te
465 3424 668 3485 emendares.
693 3420 727 3481 Si
740 3420 836 3481 etiam
850 3419 980 3480 futuras

220 3523 339 3584 inferni
362 3523 433 3582 sive
455 3519 630 3598 purgatorii
647 3534 769 3594 poenas
792 3516 981 3577 cordialiter

584 3623 611 3663 ro
