2156 4168
532 385 697 439 Epilegomena.

237 534 312 577 nem
335 534 465 591 eorum,
493 516 549 593 qui
578 534 670 577 suam
694 516 812 593 cuique
839 516 1002 592 scriptori

237 597 498 674 orthographiam
528 614 569 657 ne
597 597 740 657 litterula
767 597 899 674 quidem
923 615 1004 672 mq-

236 688 301 738 tata
322 694 456 738 servare
484 677 627 754 religiosi
657 677 792 738 editoris
817 695 893 738 esse
917 694 1004 737 con-

237 759 383 820 tendunt.
412 758 520 835 Atque
542 775 584 817 ne
606 759 764 834 quaedam
787 758 919 818 diverse
943 775 1002 818 me

237 839 411 915 scripsisse
422 839 552 914 mirere,
568 838 667 898 veluti
679 838 828 909 obtinere,
840 839 1002 913 optinere,

237 919 405 994 quidquid,
420 918 583 994 quicquid,
599 918 671 994 alia,
685 919 718 978 id
730 919 793 979 feci
807 921 1002 995 exemplum

237 1009 371 1060 secutus
401 998 571 1059 codicisA
600 1009 633 1059 et
660 999 765 1075 ipsius
793 998 1002 1076 antiquitatis

238 1079 1001 1155 neutramillarumscripturaruminprobantis¹.

240 1160 426 1238 Eademque
441 1161 481 1220 de
496 1177 595 1219 causa
609 1177 675 1220 non
689 1160 801 1220 horrui
817 1157 1001 1236 inaequali·

238 1249 336 1301 tatem
365 1242 525 1317 quandam
554 1240 827 1316 interpunctionis
853 1241 1001 1316 plerum-

239 1338 303 1398 que
319 1322 467 1381 consulto
483 1330 516 1381 et
530 1321 677 1397 cogitate,
697 1321 822 1396 opinor,
838 1338 856 1380 a
870 1320 895 1382 T
898 1323 1001 1380 homa

239 1401 453 1476 admissami,
481 1401 581 1461 veluti
604 1400 764 1478 virgulas,
793 1400 820 1460 si
844 1418 862 1460 e
884 1410 1001 1461 nostra

240 1481 477 1542 consuetudine
499 1482 635 1557 iudices,
656 1481 825 1541 arbitrarie
839 1498 928 1541 nunc
945 1480 1000 1539 ad-

240 1562 323 1622 ditas
344 1579 431 1622 nunc
454 1563 604 1637 omissas,
627 1579 707 1639 quas
729 1562 768 1621 ad
787 1561 813 1621 A
837 1561 999 1638 expressi,

240 1642 338 1702 simul
360 1644 422 1702 hoc
444 1652 606 1718 spectans,
628 1652 662 1702 ut
676 1643 807 1702 tandem
823 1641 998 1719 aliquando

240 1722 274 1782 in
302 1723 354 1782 his
383 1740 514 1800 quoque
542 1722 729 1799 quisquiliis
758 1723 799 1782 de
828 1721 997 1799 archetypi

241 1803 398 1863 memoria
419 1812 592 1863 constaret.
627 1802 783 1864 Ceterum
806 1820 926 1862 moneo
948 1819 997 1861 sa-

240 1883 341 1944 tietati
377 1884 555 1960 legentium
591 1892 818 1943 occurrentem
854 1900 908 1942 mc
938 1900 997 1959 pro

242 1963 392 2040 flexall)⁸
418 1982 436 2024 a
457 1974 569 2024 nostro
595 1981 658 2024 usu
680 1964 785 2023 aliena
810 1972 999 2023 constanter
1046 1957 1047 2016 ἶ

241 2107 401 2114 —-.—-.

284 2190 292 2216 ¹
306 2189 361 2232 VIde
375 2202 444 2244 supra
459 2200 481 2242 p.
496 2189 544 2231 too.

283 2243 292 2270 ⁹
311 2243 378 2296 Quod
397 2245 482 2295 Danista
499 2243 539 2284 VII
561 2242 601 2284 743
624 2255 704 2285 causae
725 2242 824 2284 Thomae
848 2242 997 2285 infestissIme

242 2297 355 2339 adversari
371 2299 414 2339 sibi
434 2298 505 2338 videri
521 2297 576 2338 dixit
595 2299 668 2349 ipsam
687 2296 818 2349 autographi
839 2297 997 2349 interpunctio·

242 2362 306 2402 nem,
322 2351 344 2392 td
359 2351 418 2392 claro
433 2351 542 2403 firmoque
556 2351 640 2392 codicis
656 2349 694 2391 G‘
707 2350 734 2391 48
752 2351 867 2391 semiharii
888 2351 997 2392 clericalis

242 2406 342 2456 episcopi
358 2404 544 2446 Monasteriensis
564 2404 647 2445 saeculi
663 2403 700 2446 XV
718 2404 788 2445 altero
807 2403 902 2444 dimidio
919 2406 996 2457 scripti

242 2459 371 2499 testimonlo
390 2460 456 2499 nixus
477 2457 587 2499 refutasse
606 2457 661 2498 mihi
685 2457 763 2498 videor
782 2459 804 2498 in
826 2461 997 2510 programmatis
1046 2475 1047 2484 π

243 2522 312 2563 supra
331 2523 354 2564 p.
373 2511 414 2552 469
439 2511 518 2564 prolati
540 2523 563 2564 p.
583 2521 643 2552 vtttt.
677 2509 797 2552 Corollarii
820 2512 893 2551 instar
913 2511 949 2552 hIc
967 2513 997 2552 in·

243 2576 318 2606 serere
333 2566 405 2616 ltceat,
420 2565 480 2618 quod
494 2577 563 2617 supra
576 2577 599 2617 p.
609 2565 650 2606 444
660 2573 679 2606 et
689 2565 729 2605 468
739 2564 819 2605 addere
834 2576 875 2617 per
890 2565 997 2606 iucurIam

244 2619 338 2671 neglexi,
354 2619 439 2660 indices
454 2619 602 2670 capitulorum
618 2619 644 2660 de
655 2619 777 2659 imitatione
788 2615 875 2658 Christi
887 2626 938 2670 post
948 2630 997 2659 con·

244 2671 314 2713 fectos
329 2672 418 2713 demum
434 2672 537 2723 singulos
552 2679 656 2713 tractatus
671 2684 683 2712 a
696 2669 782 2712 Thoma
796 2670 924 2723 adscriptos
938 2684 996 2713 esse.

244 2724 312 2778 Quod
327 2726 425 2777 primum
440 2738 466 2766 ex
481 2738 507 2767 eo
521 2726 615 2777 conicio,
631 2725 699 2778 quod,
714 2737 765 2766 cum
776 2725 827 2777 ipsa
837 2725 910 2777 prima
924 2733 997 2767 tracta·

244 2787 307 2819 tuum
328 2780 425 2831 capitula
446 2792 458 2820 a
479 2781 559 2831 primis
582 2778 741 2820 fasciculorum
764 2778 861 2830 plagulis
884 2780 997 2830 Incipiam,

245 2832 330 2873 Indices
350 2841 386 2873 aut
406 2834 428 2873 ln
446 2832 542 2885 plagulis
562 2831 680 2884 praefixis,
700 2833 723 2873 id
742 2831 802 2884 quod
822 2831 904 2872 factum
924 2841 957 2873 est
976 2835 997 2872 in

245 2887 373 2926 tractatibus
389 2888 461 2938 primo
476 2895 497 2927 et
512 2894 598 2938 quarto,
612 2894 649 2926 aut
664 2887 686 2926 in
702 2886 780 2926 ultima
791 2886 870 2938 pagina
885 2897 953 2927 vacua
968 2898 998 2926 re·

246 2938 296 2980 licta
311 2938 412 2980 fasciculi
423 2939 585 2991 praecedentis,
600 2941 631 2980 uti
643 2940 711 2980 habes
726 2941 749 2979 in
759 2939 889 2980 tractathus
902 2939 998 2980 secundo

245 2999 266 3033 et
280 2993 358 3045 tertio,
373 2994 451 3045 scripti
466 3001 531 3045 sunt,
547 2992 626 3034 deinde
641 2993 701 3045 quod
716 2993 798 3034 indicis
812 2992 870 3032 tertii
886 2999 997 3042 tractatus,

246 3047 283 3098 qui
299 3046 337 3087 vul
353 3058 366 3087 o
385 3047 466 3087 dicitur
485 3046 512 3087 de
531 3047 653 3088 imitatione
668 3044 755 3087 Christi
770 3046 827 3086 liber
841 3053 948 3098 quartus,
966 3059 997 3086 ca·
1046 3061 1047 3072 ¹

246 3099 316 3150 pitula
352 3098 408 3151 IIII,
423 3098 485 3152 XVI,
500 3098 571 3140 XVIII
587 3101 663 3152 inopia
677 3100 743 3152 spatii
761 3111 788 3140 ne
802 3111 814 3139 a
830 3099 895 3139 novis
911 3100 996 3152 quidem

246 3153 351 3193 versibus
367 3154 483 3204 lnpriuut.
504 3151 568 3205 Quae
583 3165 619 3193 res
629 3154 788 3204 gravissImum
802 3153 955 3193 testimonium
966 3161 996 3194 est

246 3214 376 3247 tractatuum
392 3208 482 3248 illorum
497 3219 509 3247 a
523 3205 608 3247 Thoma
627 3208 812 3258 compositorum.
843 3204 899 3246 Nam
915 3217 995 3246 merum

246 3258 363 3300 librarium
378 3272 403 3302 eo
414 3260 525 3301 scribendi
536 3259 614 3301 ordine
624 3271 719 3300 usurum
730 3259 802 3300 fuisse
813 3258 869 3300 nthI
884 3266 925 3310 est,
941 3260 996 3312 quod

247 3313 378 3364 credamus;
397 3315 473 3366 Ipsum
488 3321 600 3354 auctorem
620 3314 649 3354 ita
664 3325 710 3354 rem
730 3314 870 3364 instituisse,
890 3315 926 3364 qui
941 3325 995 3365 opus

247 3366 338 3407 ordiens
353 3367 449 3408 fortasse
464 3379 490 3408 ne
505 3369 573 3408 sciret
588 3366 691 3419 quidem,
712 3375 764 3419 quot
781 3367 877 3419 quisque
896 3374 995 3407 tractatus
1046 3401 1047 3424 ,

247 3420 344 3472 capitula
359 3421 474 3462 habiturus
489 3430 557 3472 esset,
574 3420 637 3461 facile
651 3429 685 3461 est
700 3421 820 3462 intellectu.

289 3473 298 3499 ³
311 3473 366 3514 Vide
381 3486 450 3526 supra
464 3486 487 3526 p.
502 3474 549 3515 447.
