2146 4194
48 421 336 486 ouemsemseros
398 408 812 487 11146'uos'uuosutesute

51 553 84 648 et
116 567 232 627 stabile
261 567 300 626 da
329 566 362 627 in
392 584 429 626 os
451 584 578 627 meum:
608 577 639 627 et
668 566 810 643 linguam

49 664 205 725 callidam
243 664 291 724 fac
322 682 341 724 a
372 680 433 724 me.
486 664 583 740 Quod
619 663 682 740 pati
719 664 811 723 nolo:

50 697 244 822 itmnimode
266 778 383 821 cavere
406 761 519 820 debeo.

95 859 127 920 Ο
150 877 246 936 quam
269 860 390 920 bonum
414 869 445 920 et
467 858 655 935 pacificum,
677 858 717 917 de
738 857 811 917 aliis

26 1011 27 1034 ἶ
72 958 174 1032 ilere3
203 974 263 1017 nec
286 956 513 1017 indifferenter
534 955 644 1016 omnia
667 955 835 1029 crederes

77 1071 165 1131 eque
187 1054 226 1114 de
250 1054 335 1113 facili
357 1053 494 1114 ulterius
510 1052 619 1113 effari:
641 1052 753 1128 paucis
776 1069 812 1112 se

52 1153 166 1228 ipsum
189 1152 352 1226 revelare;
381 1161 413 1212 te
435 1167 567 1227 semper
592 1151 811 1227 inspectorem

26 1247 27 1314 l
55 1249 166 1308 cordis
188 1265 362 1325 quaerere,
383 1265 444 1308 nee
467 1248 555 1307 omni
579 1258 676 1308 vento
699 1246 813 1306 verbo·

57 1363 130 1406 rum
159 1344 381 1405 circumferri:
412 1345 470 1405 sed
500 1345 609 1405 omnia
640 1344 753 1404 intima
780 1355 812 1403 et

56 1454 192 1504 externa
220 1443 401 1503 secundum
424 1442 578 1519 placitum
603 1454 677 1502 tuae
699 1442 849 1502 volun-ro

56 1541 132 1600 tatis
164 1550 274 1616 optare
306 1539 429 1616 perfici.
480 1539 587 1615 Quam
618 1550 723 1600 tutum
754 1556 812 1614 pro

57 1638 308 1698 conservatione
330 1637 483 1698 caelestis
501 1638 622 1714 gratiae
638 1638 812 1696 humanam

59 1737 172 1812 fugere
201 1735 439 1812 apparentiam;
469 1751 530 1794 nec
554 1746 708 1810 appetere
730 1751 813 1810 quae

59 1833 140 1893 foris
174 1831 421 1893 admirationem
453 1832 606 1892 videntur
640 1832 812 1908 praebere:

58 1931 117 1990 sed
139 1947 177 1990 ea
198 1940 263 1991 tota
285 1930 457 1990 sedulitate
483 1930 599 1989 sectari
623 1945 706 2005 quae
729 1928 813 1988 vitae
826 1947 850 1988 15

59 2028 320 2088 emendationem
344 2028 420 2088 dant
442 2037 474 2087 et
497 2027 671 2087 fervorem.
706 2026 813 2102 Quam

60 2125 171 2186 multis
192 2127 303 2187 nocuit
319 2127 422 2187 virtus
445 2126 525 2186 scita
544 2143 581 2185 ac
597 2139 814 2201 praepropere

60 2223 202 2299 laudata;
225 2241 320 2301 quam
337 2241 416 2283 sane
432 2223 553 2298 profuit
567 2221 669 2298 gratia
684 2221 813 2282 silentio

60 2331 187 2382 servata
202 2321 234 2380 in
246 2322 306 2380 hae
323 2319 426 2396 fragili
439 2320 520 2380 vita:
536 2335 619 2396 quae
635 2328 700 2379 tota
714 2328 815 2394 temp·

59 2417 136 2476 tatio
160 2417 263 2477 fertur
283 2429 315 2478 et
339 2418 463 2478 militia.
824 2435 851 2476 ao

61 2612 117 2671 DE
127 2610 485 2673 CONFlDENTlAlN
500 2612 588 2673 DEO
600 2609 815 2671 HABENDA

61 2709 250 2784 QVANDO
281 2708 538 2772 INSVRGVNT
567 2708 813 2771 VERBORVM

350 2805 525 2869 IACVLA.

281 2965 486 3015 CAPITVLVM
505 2965 595 3014 XLVI.

62 3043 216 3263 ffilli.
265 3100 320 3162 Sta
349 3101 485 3161 firmiter
513 3110 545 3161 et
574 3117 669 3177 spera
697 3100 730 3159 in
753 3116 852 3160 meas

190 3199 277 3276 Quid
298 3200 384 3259 enim
405 3209 481 3259 sunt
496 3199 594 3258 verba
611 3198 675 3258 nisi
691 3200 816 3259 verba?

65 3297 126 3355 Per
147 3314 255 3356 aerem
277 3298 402 3358 volant:
424 3296 482 3356 sed
505 3296 643 3373 lapidem
664 3314 729 3356 non
753 3297 816 3356 lae-

64 3393 150 3453 dunt.
194 3393 226 3454 Si
251 3409 327 3452 reus
352 3410 404 3452 es:
434 3393 538 3469 cogita
562 3394 647 3469 quod
677 3394 816 3453 libenter

65 3491 236 3551 emendare
258 3501 289 3551 te
306 3491 397 3550 velis.
428 3489 461 3551 Si
484 3489 566 3549 nihil
588 3490 644 3550 tibi
663 3489 816 3548 conscius

101 3596 192 3638 Thomna
202 3608 215 3637 a
226 3596 253 3639 K.
265 3593 348 3648 Opera.
365 3594 394 3638 11.
420 3595 461 3635 225
686 3594 710 3634 15
