2146 4194
73 413 353 499 mmmmm
414 446 488 490 11110
547 447 829 500 maarocarosom

75 593 168 656 quam
198 579 350 640 contabui
379 590 411 640 et
440 580 549 656 perii?
599 580 716 641 Fecisti
746 581 829 641 ultra

75 695 203 738 omnem
227 694 320 754 spem
342 677 600 740 misericordiam
630 695 704 738 cum
731 694 829 737 servo

75 786 142 836 tuo:
173 785 205 836 et
227 776 312 835 ultra
339 792 437 835 omne
465 775 618 836 meritum
640 775 774 852 gratiam
797 785 829 836 et

75 872 247 934 amicitiam
263 873 450 933 exhibuisti.
480 873 568 950 Quid
580 873 755 934 retribuam
771 873 828 934 tibi

13 979 14 1020 3
75 988 129 1046 pro
139 971 242 1049 gratia
254 971 342 1032 ista?
367 970 441 1030 Non
457 970 853 1032 enimomnibusdatums

76 1080 140 1146 est,
177 1080 212 1131 ut
242 1069 395 1130 omnibus
431 1069 586 1130 abdicatis
618 1070 749 1130 saeculo
780 1087 829 1130 re-

74 1168 239 1229 nuntient:
261 1177 294 1228 et
308 1166 520 1227 monasticam
536 1165 634 1227 vitam
653 1177 829 1227 assumant.

76 1265 241 1342 Numquid
270 1283 422 1342 magnum
452 1275 503 1325 est
525 1275 559 1325 ut
587 1264 644 1326 tibi
671 1265 830 1341 serviam;

75 1364 124 1423 cui
140 1363 249 1424 omnis
265 1373 411 1424 creatura
426 1364 552 1424 servire
567 1363 723 1424 tenetur?
756 1363 829 1423 Non

13 1469 14 1472 ’
75 1478 225 1539 magnum
247 1460 328 1520 mihi
351 1461 454 1521 videri
484 1461 580 1521 debet
608 1461 734 1522 servire
755 1460 866 1536 tibi;1o

75 1559 129 1618 sed
152 1560 215 1619 hoc
238 1557 346 1634 potius
375 1575 528 1634 magnum
550 1558 631 1618 mibi
656 1569 688 1620 et
711 1559 829 1619 miran-

76 1657 149 1717 dum
172 1665 321 1733 apparet:
344 1656 429 1732 quod
451 1666 516 1717 tam
532 1673 708 1733 pauperem
730 1668 761 1717 et
782 1657 830 1716 in·

76 1753 205 1830 dignum
228 1753 371 1830 dignaris
401 1752 434 1813 in
463 1771 596 1814 servum
626 1755 772 1831 recipere
799 1764 831 1815 et

76 1850 200 1912 dilectis
222 1852 329 1912 servis
350 1850 416 1910 tuis
433 1851 586 1910 adunare.
616 1851 700 1910 Ecce
722 1851 831 1911 omnia

13 2003 14 2012 ,
76 1959 127 2008 tua
148 1961 241 2010 sunt:
264 1965 347 2027 quae
369 1949 473 2009 habeo
490 1957 521 2008 et
536 1948 622 2008 unde
638 1948 694 2008 tibi
711 1949 830 2009 servio.
842 1969 867 2011 ιε

13 2069 14 2074 ’
77 2046 308 2108 Verumtamen
319 2047 390 2107 vice
402 2062 498 2106 versa
507 2056 542 2107 tu
557 2046 660 2123 magis
671 2046 751 2107 mihi
762 2063 830 2106 ser-

13 2176 14 2186 .
77 2142 829 2220 visquamegotibi.Eccecaelumetterraquae

77 2239 110 2298 in
137 2240 355 2302 ministerium
381 2241 525 2302 hominis
554 2241 670 2302 creasti
701 2251 829 2316 praesto

77 2347 163 2398 sunt:
183 2349 215 2399 et
230 2338 352 2399 iaciunt
367 2338 485 2398 cotidie
500 2354 726 2415 quaecumque
742 2355 830 2398 man·

77 2434 166 2496 dasti.
187 2437 225 2498 Et
233 2439 296 2498 hoc
305 2454 418 2513 parum
428 2445 491 2496 est:
503 2435 581 2512 quin
590 2436 687 2496 etiam
696 2435 867 2512 angelosao

79 2531 112 2591 in
127 2534 341 2595 ministerium
362 2533 506 2594 hominis
528 2533 694 2594 ordinasti.
732 2531 830 2594 Tran-

78 2632 200 2692 scendit
222 2642 330 2693 autem
353 2633 434 2691 haec
456 2630 582 2706 omnia,
606 2631 681 2708 quia
703 2640 737 2691 tu
759 2630 830 2706 ipse

80 2728 197 2789 homini
220 2728 346 2790 servire
368 2729 518 2806 dignatus
541 2744 593 2789 es:
616 2739 647 2789 et
669 2739 700 2789 te
722 2729 829 2804 ipsum

80 2825 223 2889 daturum
253 2829 282 2889 ei
312 2827 501 2905 promisisti.
545 2827 633 2904 Quid
662 2826 745 2886 dabo
773 2825 830 2886 tibi

80 2940 136 2997 pro
150 2925 300 2986 omnibus
315 2926 387 2986 istis
403 2925 536 2985 milibus
550 2924 673 2984 bonis?
699 2923 829 2984 Vtinam
839 2944 867 2986 25

81 3037 205 3096 possem
227 3023 284 3085 tibi
307 3023 434 3084 servire
456 3022 583 3083 cunctis
607 3021 723 3081 diebus
745 3020 830 3080 vitae

82 3134 178 3181 meae.
218 3122 349 3183 Vtinam
372 3121 424 3180 vel
447 3137 512 3180 uno
533 3120 586 3180 die
608 3119 741 3195 dignum
764 3134 831 3177 ser-

81 3214 188 3278 vitium
211 3219 366 3279 exhibere
389 3217 587 3278 sufficerem.
629 3215 716 3276 Vere
737 3226 772 3275 tu
794 3232 831 3274 es

13 3383 14 3390 ἵ
82 3310 192 3388 dignus
220 3316 308 3376 omni
341 3314 491 3375 servitio:
523 3314 612 3374 omni
643 3314 768 3372 honore
800 3323 831 3372 et

82 3409 171 3472 laude
192 3424 332 3475 aeterna.
374 3413 461 3473 Vere
484 3411 645 3472 Dominus
668 3427 762 3471 meus
784 3427 868 3485 es‚ao

83 3515 116 3564 et
135 3525 189 3586 ego
210 3528 333 3587 pauper
347 3526 464 3570 servus
479 3521 572 3586 tuus;
594 3509 649 3586 qui
664 3509 741 3569 totis
756 3509 831 3568 viri-

436 3613 474 3657 ιω
681 3613 722 3655 11·
