2160 4194
100 468 854 524 ffimfflssfflmm

102 619 231 677 semper
253 601 293 662 de
315 612 461 663 extrema
482 605 562 664 hora
583 619 718 680 pavere:
741 621 783 664 ne
799 621 852 663 va-

102 719 194 762 cuum
219 711 252 762 te
274 700 428 762 inveniat.
456 701 551 762 Vnde
575 701 737 761 Dominus
759 701 852 761 lesus

100 798 270 876 discipulis
291 798 361 859 suis
375 799 465 859 dixit.
497 799 554 860 lle
576 809 703 876 oportet
724 799 851 875 operari

100 915 196 973 opera
218 897 291 957 eius
313 896 368 973 qui
384 897 473 957 misit
488 914 557 957 me:
579 897 684 958 donec
706 897 777 958 dies
791 908 852 957 est.

100 995 195 1055 Venit
218 1011 283 1054 nox
311 995 440 1071 quando
462 1011 560 1055 nemo
581 1003 689 1071 potest
714 995 874 1071 operaris

100 1092 264 1170 Quamdiu
280 1093 313 1153 in
328 1093 450 1152 mundo
466 1109 550 1168 sum,
569 1093 625 1152 lux
640 1109 712 1152 sum
729 1093 852 1153 mundi.

99 1189 220 1266 Accipe
242 1203 328 1267 ergo·
341 1191 527 1266 exemplum
550 1191 635 1251 bona
656 1189 811 1267 operandi
834 1209 852 1250 a

99 1287 233 1349 Christo
257 1287 349 1363 lesu,
377 1305 396 1346 a
417 1297 530 1347 sancto
553 1288 671 1364 Paulo,
699 1297 851 1349 asancto

99 1382 259 1460 Antonio,
287 1402 306 1444 a
333 1394 445 1444 sancto
467 1383 669 1461 Augustino,
696 1403 715 1445 a
738 1395 851 1446 sancto

100 1482 314 1560 Hieronymo,
335 1499 354 1541 a
375 1492 487 1543 sancto
504 1482 717 1544 Benedictoa
738 1493 851 1544 sancto
863 1499 887 1540 ιο

99 1581 282 1656 Francisco,
303 1598 322 1640 a
343 1589 455 1640 sancto
472 1580 656 1656 Dominico,
678 1589 710 1640 et
729 1581 768 1640 ab
783 1597 850 1640 om·

97 1677 193 1738 nibus
215 1677 338 1738 sanctis
353 1677 499 1754 patribus
520 1677 575 1754 qui
597 1679 726 1754 regulas
740 1694 850 1738 mona-

97 1777 232 1835 chorum
262 1775 480 1851 scripserunt:
517 1785 548 1836 et
581 1775 772 1852 religionem
804 1775 851 1835 in·

97 1873 282 1933 stituerunt.
312 1874 439 1934 Revera
453 1873 590 1934 multum
611 1873 664 1933 isti
687 1873 720 1932 in
736 1873 850 1933 ordine

97 1972 342 2047 laboraverunt3
363 1980 395 2030 et
416 1987 474 2047 pro
492 1970 559 2030 vita
579 1980 711 2031 aeterna
728 1969 851 2031 duriter
862 1987 886 2027 rs

96 2085 233 2146 corpora
263 2085 323 2129 sua
353 2067 612 2145 castigaverunt:
647 2068 681 2127 in
717 2067 850 2128 ieiuniis

97 2166 208 2227 multis
230 2165 263 2227 in
279 2165 454 2226 solitudine
470 2175 503 2226 et
517 2165 660 2241 silentio,
681 2165 714 2226 in
730 2164 850 2242 vigiliis

96 2273 127 2323 et
148 2263 368 2339 orationibus,
398 2263 537 2340 aliisque
566 2262 669 2323 sacris
692 2263 762 2322 Deo
784 2263 850 2338 pla-

96 2361 169 2422 citis
200 2361 419 2421 observantiis
449 2370 483 2421 et
512 2360 678 2421 laboribus
708 2360 849 2420 Domino

97 2460 289 2520 servientes.
319 2459 407 2537 Quid
429 2458 553 2536 igitur?
581 2456 746 2518 Aestimas
763 2459 886 2534 quoda

96 2567 128 2616 tu
152 2556 327 2617 tabulando
349 2567 382 2617 et
403 2557 481 2617 hinc
507 2556 582 2617 inde
604 2554 773 2632 spatiando
795 2555 850 2615 ob-

95 2653 215 2715 tinebis
245 2653 513 2731 gloriosissimam
550 2669 721 2730 coronam3
752 2671 848 2731 quam

96 2751 197 2812 sancti
215 2751 276 2812 Dei
300 2751 405 2828 adepti
429 2762 515 2828 sunt,
537 2751 729 2828 sanguinem
752 2769 847 2812 suum

96 2848 262 2910 lundendo
286 2865 348 2909 nec
377 2865 441 2910 non
473 2848 667 2925 gravissima
688 2857 849 2908 tormenta

94 2946 290 3008 tolerando?
319 2947 544 3023 Nequaquam.
573 2945 638 3006 Sed
660 2944 724 3005 nisi
739 2945 885 3021 paeni-2⁵

93 3045 228 3104 tentiam
244 3043 378 3120 egeritis
392 3044 436 3104 ait
451 3038 614 3105 Dominus
631 3045 724 3105 Iesus
738 3043 848 3120 paeni·
860 3059 930 3100 Lucae

94 3141 227 3202 tentiam
243 3141 451 3217 praedicans:
473 3158 589 3203 omnes
610 3141 762 3202 similiter
776 3159 848 3218 per·
862 3111 923 3154 Μ’

93 3239 191 3300 ibitis.
243 3240 332 3299 Dura
362 3239 543 3299 sententia:
579 3238 637 3300 sed
668 3238 758 3299 utilis
789 3256 847 3315 pro

93 3335 322 3397 emendatione
350 3347 405 3398 tua
426 3346 458 3397 et
480 3335 652 3412 disciplina
678 3337 846 3398 servanda.

95 3434 239 3495 Emenda
261 3451 337 3512 ergo
352 3434 461 3510 vitam,
483 3444 515 3494 et
536 3450 602 3494 non
624 3433 755 3495 timebis
772 3451 883 3511 poe-ao

93 3548 184 3594 nam:
206 3533 264 3593 sed
286 3532 420 3609 gloriam
444 3531 580 3593 habebis
602 3541 778 3592 aeternam.

449 3635 490 3678 aaa
