2146 4194
222 453 342 505 uatem&
414 453 786 498 ortutrlrtouectmtsrt
857 456 978 508 mam

223 585 385 647 desideria
406 585 444 646 ad
467 587 620 647 caelestia
643 587 792 664 llagrant:
814 600 846 649 et
869 599 977 649 tamen
1056 592 1060 615 ¹

222 702 241 743 a
262 683 472 759 temptatione
488 684 628 744 carnalis
643 684 780 746 allectus
802 686 895 746 liberi
913 704 977 746 non
1057 750 1061 767 Ι

223 791 308 841 sunt.
352 780 475 841 Idcirco
497 799 558 841 nec
583 782 715 842 omnino
738 800 818 859 pure
840 801 898 859 pro
922 786 979 844 ho-

223 895 303 938 nore
326 878 386 938 Dei
410 889 523 955 agunt:
552 880 638 956 quod
667 889 730 939 tam
754 880 980 942 desideranter

199 977 261 1036 sab
290 993 329 1036 eo
352 985 475 1051 petunt.
517 976 594 1036 Tale
623 988 672 1038 est
698 989 730 1038 et
758 988 848 1038 tuum
879 997 979 1056 saepe

222 1073 439 1134 desiderium:
461 1076 547 1151 quod
563 1075 735 1135 insinuasti
754 1076 823 1136 lore
838 1086 902 1136 tam
921 1077 979 1136 im·

223 1181 407 1247 portunum.
444 1171 518 1231 Non
541 1172 627 1232 enim
650 1183 700 1233 est
721 1175 784 1234 hoc
806 1192 924 1250 purum
949 1185 980 1235 et

223 1268 421 1344 perlectum:
438 1270 524 1346 quod
540 1271 670 1346 propria
684 1272 913 1332 commoditate
930 1283 980 1333 est

223 1365 390 1426 iniectum.
423 1366 502 1427 Pete
524 1384 589 1427 non
611 1370 697 1446 quod
719 1369 776 1429 tibi
799 1379 849 1430 est
872 1370 980 1431 delec-

189 1464 319 1524 rotabile
342 1475 373 1525 et
395 1466 620 1542 commodum3
642 1467 700 1526 sed
723 1467 809 1544 quod
825 1467 903 1526 mihi
930 1479 981 1528 est

222 1561 420 1637 acceptabile
452 1573 549 1638 atque
580 1563 814 1624 honorificum:
844 1564 922 1641 quia
952 1565 979 1625 si

223 1669 311 1719 recte
342 1658 487 1734 iudicas,
515 1676 620 1719 meam
653 1660 889 1721 ordinationem
923 1673 980 1722 tuo
1063 1715 1064 1718 ,

223 1755 386 1816 desiderio
417 1767 449 1817 et
480 1758 568 1816 omni
598 1758 782 1819 desiderato
811 1759 981 1835 praeferre

223 1855 323 1915 debes
345 1872 382 1914 ac
404 1855 508 1931 sequi.
538 1855 622 1916 Novi
646 1856 845 1917 desiderium
868 1866 981 1917 tuum:

189 1963 254 2014 tset
278 1953 466 2028 frequentes
487 1953 628 2029 gemitus
643 1953 762 2014 audivi.
793 1953 857 2012 lam
874 1953 982 2014 velles

223 2067 298 2109 esse
313 2049 346 2108 in
362 2050 509 2110 libertate
524 2051 645 2128 gloriae
662 2051 802 2112 liliorum
819 2050 897 2126 Dei3
914 2051 982 2111 iam

224 2158 254 2208 te
285 2147 424 2207 delectat
454 2148 570 2208 domus
601 2161 733 2210 aeterna
763 2159 795 2209 et
826 2148 983 2208 caelestis

223 2243 325 2320 patria
352 2244 468 2321 gaudio
496 2246 607 2322 plena:
636 2248 694 2307 sed
722 2247 865 2307 nondum
888 2247 983 2307 venit

224 2343 303 2401 hora
331 2341 409 2418 ista3
437 2343 494 2402 sed
518 2353 567 2403 est
590 2343 695 2403 adhuc
716 2343 802 2403 aliud
832 2354 983 2418 tempus:

187 2438 349 2499 noscilicet
377 2449 506 2515 tempus
534 2439 610 2499 belli
640 2450 769 2516 tempus
797 2439 919 2500 laboris
950 2452 984 2500 et

224 2536 432 2612 probationis.
462 2536 565 2613 Optas
587 2555 716 2598 summo
739 2537 856 2614 repleri
875 2539 983 2598 bono:

224 2633 281 2694 sed
311 2651 376 2693 non
405 2644 498 2710 potes
520 2635 582 2695 hoc
609 2635 738 2712 assequi
762 2635 867 2695 modo.
912 2635 984 2713 Ego

224 2748 314 2791 sum:
343 2742 477 2808 expecta
501 2749 553 2791 me
584 2733 661 2792 dicit
684 2732 845 2793 Dominus
874 2732 984 2793 donec

224 2828 332 2889 veniat
354 2846 489 2906 regnum
507 2830 578 2890 Dei.
608 2831 799 2891 Probandus
821 2848 857 2891 es
872 2832 984 2892 adhuc

187 2947 214 2988 25
224 2927 257 2986 in
272 2926 384 2987 terris:
401 2937 432 2988 et
447 2927 480 2987 in
495 2928 607 2988 multis
622 2928 858 2989 exercitandus.
890 2927 985 2989 Con-

224 3024 338 3084 solatio
354 3024 410 3085 tibi
429 3024 591 3085 interdum
608 3025 750 3086 dabitur:
773 3026 831 3085 sed
846 3025 985 3101 copiosa

224 3121 355 3182 satietas
371 3139 436 3182 non
447 3123 645 3184 conceditur.
671 3122 866 3184 Conlortare
882 3121 985 3198 igitur

224 3229 256 3279 et
284 3229 354 3279 esto
383 3221 552 3280 robustus:
584 3230 648 3280 tam
679 3219 712 3279 in
734 3219 858 3296 agendo
881 3235 984 3296 quam

224 3316 256 3375 in
286 3316 436 3392 patiendo
465 3327 598 3378 naturae
627 3316 796 3377 contraria.
841 3315 985 3392 Oportet

187 3423 255 3476 sote
267 3430 386 3473 novum
404 3414 540 3474 induere
551 3414 734 3474 hominem:
750 3425 782 3475 et
797 3414 829 3473 in
840 3415 984 3476 alterum

224 3510 330 3570 virum
361 3511 488 3570 mutari.
531 3510 669 3587 Oportet
698 3521 729 3572 te
756 3528 853 3588 saepe
883 3530 984 3590 agere

580 3614 621 3656 234
