2146 4194
200 397 321 450 &m
392 396 432 440 DE
447 395 626 439 ΙΜΙΤΑΤΙΟΝΕ
640 396 764 440 CHRISTI
836 393 960 451 Vm

200 539 320 605 puncto
336 547 389 591 me
404 548 502 607 posse
518 531 643 591 debitas
653 531 828 608 gratiarum
845 532 961 593 laudes

200 628 399 704 persolvere.
452 628 563 689 Minor
597 646 657 706 ego
693 646 766 689 surn
804 631 960 690 omnibus

200 725 295 786 bonis
318 725 397 786 mihi
420 727 603 803 praestitis3
632 736 664 787 et
687 744 761 787 cum
790 736 879 787 tuam
902 744 960 786 no·

200 823 356 884 bilitatem
368 825 513 885 attendo:
528 824 637 885 deficit
647 842 724 900 prae
735 825 960 902 magnitudine

177 921 335 997 aspiritus
366 939 469 983 meus·
520 921 640 983 Omnia
670 939 754 999 quae
784 923 818 982 in
849 922 961 982 anima

201 1019 359 1080 habemus
382 1030 414 1080 et
436 1037 582 1096 corpore,
605 1029 637 1079 et
654 1036 882 1096 quaecumque
906 1037 961 1080 ex·

200 1117 303 1177 terius
324 1117 378 1178 vel
399 1117 537 1179 interius
559 1117 749 1178 naturaliter
770 1117 822 1177 vel
845 1134 961 1193 super-

200 1215 390 1276 naturaliter
405 1216 613 1291 possidemus
628 1226 683 1276 tua
697 1225 773 1275 sunt
783 1215 960 1292 beneficia3

201 1321 232 1372 et
263 1322 294 1372 te
322 1312 506 1373 beneficum
536 1313 625 1388 pium
658 1330 695 1372 ac
719 1313 840 1373 bonurn
871 1331 960 1374 com·

167 1409 371 1470 romendant:
393 1427 411 1469 a
432 1427 497 1487 quo
519 1410 604 1470 bona
625 1419 743 1470 cuncta
760 1411 961 1487 accepimus.

202 1506 240 1567 Et
262 1507 289 1566 si
312 1507 396 1568 alius
417 1507 510 1584 plura
536 1507 620 1567 alius
642 1507 795 1583 pauciora
816 1509 962 1584 accepit3

201 1604 311 1665 omnia
337 1615 446 1666 tamen
470 1615 525 1666 tua
554 1615 646 1666 sunt:
676 1614 708 1665 et
736 1605 808 1666 sine
836 1616 869 1667 te
898 1624 962 1667 nec

202 1702 373 1763 minimum
395 1713 503 1779 potest
524 1703 647 1764 haberi.
677 1704 735 1764 Ille
758 1703 812 1780 qui
835 1704 963 1764 maiora

202 1799 327 1875 accepit
355 1816 420 1860 non
450 1809 557 1877 potest
585 1801 701 1861 merito
728 1819 788 1861 suo
809 1801 962 1878 gloriari:

168 1916 193 1957 15
202 1913 310 1974 neque
332 1914 432 1973 super
453 1897 534 1958 alios
550 1897 671 1973 extolli,
693 1915 754 1958 nec
770 1898 889 1959 minori
912 1899 963 1958 in-

202 1996 340 2072 sultare3
372 1996 448 2073 quia
478 1997 534 2057 ille
565 1997 667 2057 maior
698 2007 730 2057 et
758 1997 874 2057 melior
904 1998 963 2075 qui

202 2095 263 2156 sibi
296 2097 404 2156 minus
435 2094 583 2155 ascribit:
619 2104 651 2154 et
686 2094 719 2155 in
755 2095 963 2172 regratiando

202 2192 358 2253 humilior
380 2202 429 2252 est
451 2202 548 2270 atque
570 2191 727 2252 devotior.
757 2192 795 2252 Et
814 2192 869 2269 qui
893 2210 965 2253 orn-

202 2291 300 2351 nibus
321 2291 472 2351 viliorem
494 2307 531 2350 se
554 2290 718 2350 existimat
747 2299 779 2350 et
800 2289 965 2367 indignio-

165 2406 271 2449 2orem
295 2405 331 2448 se
353 2388 489 2450 iudicat:
511 2388 616 2465 aptior
631 2398 681 2448 est
696 2388 734 2447 ad
751 2387 966 2463 percipienda

202 2487 334 2547 maiora.
391 2486 457 2563 Qui
493 2496 601 2546 autern
636 2485 789 2562 pauciora
818 2486 967 2561 accepit:

203 2583 386 2644 contristari
396 2601 462 2643 non
473 2584 569 2643 debet
580 2582 855 2660 necindignanter
864 2582 967 2660 serre,

202 2699 310 2758 neque
332 2681 439 2741 ditiori
463 2681 628 2757 invidere3
652 2681 711 2740 sed
732 2689 764 2740 te
786 2678 895 2755 potius
919 2691 967 2742 at·

202 2779 337 2840 tendere
366 2789 398 2839 et
419 2789 507 2839 tuam
529 2779 706 2839 bonitatem
732 2763 872 2838 maxone
894 2777 967 2838 lau-

166 2879 295 2938 asdare:
318 2878 404 2954 quod
426 2888 490 2938 tam
513 2877 695 2952 affluenter,
719 2886 783 2936 tam
806 2874 907 2953 gratis
932 2887 967 2937 et

203 2976 344 3037 libenter
365 2976 437 3036 sine
459 2993 672 3052 personarum
696 2973 885 3051 acceptione
908 2984 967 3035 tua

202 3092 340 3135 munera
361 3074 497 3152 largiriS.
541 3073 662 3135 Omnia
688 3081 797 3133 exte:
827 3080 858 3131 et
887 3070 966 3132 ideo

203 3172 236 3231 in
259 3171 412 3232 omnibus
434 3189 471 3232 es
493 3172 684 3232 laudandus.
726 3168 773 3229 Tu
796 3168 863 3228 scis
883 3169 965 3246 quid

203 3269 381 3346 unicuique
409 3270 521 3330 donari
552 3269 717 3346 expediat3
749 3278 781 3327 et
811 3283 871 3326 cur
899 3266 965 3328 iste

181 3366 313 3429 ominus
329 3376 360 3426 et
374 3366 430 3427 ille
443 3366 583 3443 amplius
593 3366 720 3441 habeat,
735 3381 801 3424 non
811 3373 965 3426 nostrum

203 3463 261 3525 sed
283 3472 374 3523 tuum
391 3473 441 3524 est
456 3464 518 3523 hoc
534 3463 739 3523 discernere:
762 3462 846 3539 apud
862 3480 964 3540 quem

564 3567 602 3608 rao
