2178 4186
225 431 387 484 mmm
419 431 458 474 or
475 430 662 474 elevatione
678 433 790 477 urruns
822 434 985 488 mammea

227 563 406 625 tardatione
420 564 595 625 ascendam
609 565 650 626 ad
665 566 827 628 caelestia.
859 567 915 628 Sic
931 585 986 628 me

227 677 387 722 conserva
422 661 455 722 in
491 672 698 724 aeternorum
730 663 914 738 desiderio,
951 663 984 724 in

226 773 337 818 amore
366 768 552 820 sanctarum
577 760 734 821 virtutum
763 761 797 821 in
827 761 985 822 fruitione

227 855 428 932 caelestium,
443 866 479 917 ut
488 867 522 918 tu
536 857 677 918 Domine
688 858 780 918 Deus
790 858 984 935 ampliorem

204 952 302 1012 sinde
318 953 438 1014 habeas
454 956 611 1016 honorem
633 965 665 1016 et
685 971 744 1031 ego
766 955 984 1017 salubriorem

227 1050 409 1127 profectum
439 1053 628 1130 suscipiam.
672 1052 746 1113 Non
770 1052 850 1113 mihi
872 1053 986 1114 veniat
1076 1123 1077 1128 .

227 1164 267 1208 ex
289 1157 343 1209 tua
362 1148 548 1211 visitatione
570 1167 629 1228 pes
651 1149 823 1227 superbiae
845 1166 908 1210 nec
931 1168 986 1211 me

226 1255 323 1306 vexet
344 1246 447 1323 pestis
462 1264 565 1307 vanae
581 1247 714 1324 gloriae,
736 1264 870 1308 nonme
893 1247 986 1308 sinas
1077 1273 1078 1276 ¹

227 1351 358 1403 satanae
380 1344 485 1421 decipi
508 1344 664 1406 illusione
679 1362 787 1422 neque
810 1345 892 1405 laisa
914 1347 984 1422 rapi

192 1461 217 1502 ro
227 1438 399 1501 dulcedine
430 1458 492 1502 nec
523 1443 648 1519 privata
682 1441 856 1503 devotione
892 1452 987 1503 extra

226 1538 492 1600 communitatem
508 1540 675 1616 recedere,
696 1557 804 1618 neque
825 1539 986 1600 immode-

227 1642 294 1694 rata
325 1634 427 1713 frangi
459 1635 709 1712 exercitatione,
740 1636 799 1697 sed
830 1636 871 1697 da
901 1637 984 1697 mihi

226 1741 427 1794 cunctatum
440 1732 638 1794 discretione
649 1751 756 1810 agere,
771 1733 844 1794 sine
857 1734 983 1796 sollerti
1077 1791 1078 1824 r

226 1829 365 1891 consilio
386 1831 431 1891 nil
453 1831 686 1906 praetendere,
714 1849 788 1892 cum
811 1831 928 1892 timore
952 1843 985 1892 et

193 1951 217 1991 15
226 1928 411 1989 reverentia
432 1927 611 1989 maiestatis
639 1937 714 1989 tuae
743 1928 776 1988 in
803 1939 985 2006 conspectu
1077 1977 1078 1982 η

226 2034 282 2085 tuo
297 2026 418 2087 munde
439 2042 477 2086 ac
498 2025 601 2086 libere
623 2025 696 2086 sine
718 2025 805 2087 omni
828 2025 985 2102 passione

226 2129 258 2181 et
288 2122 547 2199 corruptibilium
584 2141 693 2185 rerum
724 2123 899 2185 allectione
935 2123 985 2184 in·

226 2219 353 2280 cedere.
383 2221 432 2282 Da
447 2223 604 2284 humilem
621 2232 653 2283 et
667 2221 813 2300 quietum
828 2221 982 2298 spiritum

226 2316 406 2394 possidere,
421 2320 563 2381 effusum
576 2330 608 2381 et
622 2319 871 2380 immoderatum
887 2337 983 2379 num-

189 2431 322 2490 acquam
345 2432 420 2478 esse
435 2418 515 2478 nulli
532 2434 662 2496 quoque
678 2425 845 2477 creaturae
860 2415 983 2477 vitioso

225 2511 345 2573 affectu
368 2513 550 2591 inhaerere,
572 2514 630 2575 sed
647 2514 705 2574 tibi
720 2513 781 2574 soli
797 2530 981 2574 cormeum

226 2609 382 2671 mundum
413 2622 445 2672 et
472 2612 683 2690 tranquillum
705 2627 919 2672 conservare:
946 2623 983 2673 ut

225 2723 357 2783 semper
377 2709 417 2769 ad
438 2710 564 2770 caelum
585 2719 694 2770 mente
716 2718 846 2770 erectus
868 2719 901 2769 et
922 2709 981 2770 tibi

226 2804 296 2864 Deo
325 2821 399 2866 meo
430 2816 557 2868 secrete
585 2807 747 2883 intentuS,
777 2823 796 2866 a
824 2805 914 2866 nulla
945 2823 983 2867 re

188 2901 346 2965 asvisibili
378 2902 505 2980 capiar,
540 2905 599 2966 sed
628 2921 728 2968 verus
759 2905 871 2966 mundi
903 2923 981 2966 con-

225 3009 365 3078 temptor
393 3019 611 3079 permaneam.
654 3003 708 3064 Sic
737 3002 899 3064 exteriora
920 3020 981 3079 pro

225 3099 296 3159 loco
312 3109 344 3159 et
361 3110 507 3176 tempore
523 3101 563 3161 da
578 3108 796 3177 congruenter
809 3099 981 3176 perlicere,

225 3207 260 3257 ut
287 3197 413 3259 nullum
443 3197 655 3260 interioribus
677 3198 760 3259 meis
788 3196 854 3258 sint
882 3197 980 3258 detri-

225 3304 389 3370 mentum,
417 3296 476 3356 sed
505 3296 613 3357 omnis
640 3297 731 3357 labor
757 3304 790 3357 et
813 3297 898 3358 actio
920 3316 980 3375 pro

187 3399 256 3455 sote
277 3402 445 3469 assumpta
471 3394 510 3454 ad
539 3394 674 3455 liberius
696 3394 903 3471 postmodum
926 3414 981 3457 va·

225 3488 363 3550 candum
386 3489 538 3552 iuvamen
554 3492 634 3552 mihi
651 3502 817 3570 praestent
834 3502 868 3553 et
882 3493 980 3554 duca·

579 3595 621 3640 412
