2178 4186
98 446 260 500 etonem
293 444 331 488 oe
347 443 534 488 elevatione
549 442 662 486 usuris
694 442 855 496 &aman

101 580 241 641 faciliter
255 578 490 640 consentiendo
504 577 771 654 temptationibus
787 593 854 637 car·

100 678 153 739 nis
184 677 333 755 spiritum
365 676 503 737 letaliter
534 675 647 736 occidi.
698 675 747 734 Da
777 691 854 751 ergo

100 776 181 837 mihi
205 775 344 836 Domine
368 775 458 834 Deus
481 773 578 833 iudex
599 772 685 833 iuste
708 772 801 833 fortis
822 782 855 832 et

100 874 229 950 patiens
252 881 372 934 tantam
395 870 624 931 contritionem
647 880 853 947 peccatorum

101 989 250 1032 meorum
283 982 315 1032 et
345 970 511 1044 dolorem,
541 979 693 1046 quantam
725 969 877 1046 dignam⁵

100 1069 235 1129 noveris
256 1068 398 1145 peccatis
420 1067 504 1128 meis
529 1066 658 1142 deberi,
687 1067 855 1144 magisque

101 1169 135 1229 in
158 1167 322 1245 praesenti
345 1166 461 1242 punias
484 1176 516 1225 et
537 1165 676 1241 castiges
699 1181 794 1242 quam
822 1164 854 1223 in

102 1266 212 1326 futuro
234 1263 355 1325 iudicio
371 1265 455 1326 mala
469 1280 543 1323 mea
565 1279 716 1324 reserves
734 1273 765 1323 et
780 1279 855 1323 con·

100 1364 249 1424 demnes.
292 1361 321 1423 Ο
354 1362 406 1439 pie
437 1379 456 1421 o
487 1361 634 1421 clemens
663 1361 754 1420 Deus
785 1371 855 1420 esto

100 1459 262 1538 propitius
284 1459 363 1519 mihi
392 1459 524 1536 indigno
554 1469 586 1518 et
613 1458 754 1518 maximo
782 1470 892 1533 pec-10

101 1558 214 1632 catoni,
235 1557 289 1635 qui
306 1566 438 1634 propter
452 1567 641 1634 peccatores
663 1565 695 1614 et
716 1554 856 1615 iniustos

101 1657 135 1716 in
147 1657 234 1717 hunc
246 1655 403 1716 mundum
415 1654 529 1714 venire
544 1654 694 1730 dignatus
710 1669 746 1712 es
759 1662 855 1730 atque

100 1771 161 1830 pro
196 1770 310 1814 eorum
347 1751 613 1812 reconciliatione
649 1768 689 1810 ex
724 1750 856 1812 caritate

101 1850 248 1927 cruciligi
264 1860 297 1911 et
311 1861 415 1912 morte
436 1849 625 1927 turpissima
646 1847 855 1909 condemnari

99 1964 169 2007 non
191 1948 359 2009 recusasti.
868 1959 893 1999 1⁵

143 2167 308 2230 ORATIO
332 2167 389 2229 DE
411 2166 568 2229 AMORE
590 2165 817 2229 VIRTVTVM

264 2266 315 2327 ET
337 2264 448 2328 ODIO
471 2264 701 2328 VITIORVM.

100 2377 336 2597 ffiomine
366 2436 456 2495 Deus
483 2434 657 2509 virtutum,
685 2433 779 2494 cuius
807 2443 857 2494 est

102 2489 117 2574 9
235 2543 338 2594 totum
367 2532 454 2609 quod
483 2542 533 2592 est
561 2531 718 2608 optimum
747 2531 857 2590 insere

101 2630 193 2691 cordi
205 2647 278 2691 meo
294 2646 438 2689 amorem
454 2629 499 2689 tui
512 2629 693 2689 dulcissimi
705 2629 893 2689 nominisw

103 2729 219 2789 Planta
240 2728 274 2788 in
296 2744 349 2787 me
372 2727 498 2787 radices
520 2743 671 2787 verarum
692 2727 858 2800 virtutum,

102 2836 136 2887 et
171 2825 320 2902 germina
355 2836 486 2885 sanctae
521 2824 741 2885 meditationis
784 2841 857 2884 cum

102 2923 267 2984 viriditate
296 2922 372 2982 boni
402 2921 511 2999 operis
541 2921 591 2981 iac
613 2937 805 2983 exerescere
827 2933 859 2983 et

102 3038 237 3082 sursum
266 3021 443 3098 pullulare,
472 3036 513 3079 ne
539 3020 629 3079 velut
656 3019 860 3080 infructuosa

103 3120 201 3180 arbor
210 3128 293 3179 stem
310 3117 344 3177 in
355 3117 451 3178 domo
466 3128 521 3177 tua
531 3116 667 3192 otiosus,
682 3117 739 3177 sed
751 3116 894 3193 potiusas

104 3227 280 3293 tamquam,
302 3215 420 3276 olivam
445 3214 645 3275 fructiferam
662 3229 714 3274 me
736 3215 859 3288 excole,

105 3321 137 3373 et
166 3311 321 3389 quicquid
349 3311 504 3372 vitiosum
534 3311 567 3370 in
594 3328 646 3371 me
674 3311 859 3387 reppereris

106 3409 262 3470 radicitus
291 3411 424 3469 extrahe
454 3419 486 3469 et
509 3408 549 3469 ad
571 3407 709 3468 nihilum
739 3407 859 3483 redige.

108 3508 157 3567 Da
178 3506 258 3566 mihi
280 3505 391 3566 odium
406 3505 559 3566 vitiorum
580 3521 738 3578 meorum,
760 3504 859 3564 victo·

463 3611 504 3652 us
