2138 4196
228 445 349 498 mm
420 445 796 489 nermrrarroaacrrrrsrr
866 447 989 500 {earam
1059 431 1060 494 i

229 588 337 638 recum
364 579 474 640 lesus:
502 581 614 640 nullus
642 580 761 655 poteria
789 597 911 640 nocere
939 580 988 639 in·

229 676 357 737 imicuS.
400 676 466 755 Qui
489 678 615 738 invenit
637 678 745 738 Iesum
768 677 894 737 invenit
917 678 988 737 the·

229 792 362 835 sautum
378 777 499 836 bonum
509 794 516 836 :
527 776 628 836 immo
643 777 764 836 bonum
776 791 877 851 super
887 792 987 835 omne

226 874 358 933 bonum.
388 874 427 934 Et
446 873 500 950 qui
516 873 622 950 perdit
638 874 746 933 Iesum
765 873 870 950 perdit
885 872 987 932 nimis

202 972 380 1032 smultum:
410 981 442 1031 et
469 972 544 1046 plus
566 987 662 1047 quam
686 980 789 1031 rorum
815 970 986 1030 mundum.

232 1069 465 1145 Pauperrimus
487 1078 537 1128 est
558 1068 613 1145 qui
636 1068 716 1128 vivit
737 1068 809 1128 sine
832 1068 924 1128 Iesu:
953 1078 987 1129 et
1060 1113 1061 1126 ,

226 1168 408 1228 ditissimus
430 1166 485 1243 qui
508 1167 593 1226 berre
615 1176 666 1226 est
688 1183 762 1226 cum
787 1166 871 1225 Iesu.

266 1265 386 1342 Magna
413 1281 467 1324 ars
491 1273 558 1339 esr,
588 1264 674 1324 scire
703 1281 777 1324 cunr
804 1263 877 1323 Iesu
907 1281 985 1323 con-

225 1363 366 1423 versari:
382 1372 415 1423 et
429 1363 515 1422 scire
527 1362 636 1422 Iesum
651 1372 765 1422 tenere
781 1377 896 1438 magna
908 1378 985 1436 pru·

191 1476 216 1517 ιο
225 1460 343 1521 dentia.
373 1460 451 1520 Esto
467 1459 601 1519 humilis
623 1469 655 1519 et
675 1458 846 1534 pacificus:
869 1468 901 1518 et
922 1459 986 1518 erit

224 1568 333 1618 tecum
358 1556 460 1618 Iesus.
490 1557 544 1618 Sis
566 1557 705 1617 devotus
727 1566 759 1616 et
780 1556 928 1632 quietus:
952 1567 986 1618 et

224 1654 368 1715 manebit
389 1664 498 1715 tecum
522 1655 625 1714 lesus.
662 1655 761 1714 Potes
782 1653 846 1713 cito
869 1654 984 1730 fugare

225 1753 333 1813 lesum
345 1761 378 1813 et
391 1752 526 1830 gratiam
542 1752 614 1812 eius
624 1751 775 1827 perdere:
791 1751 818 1810 si
835 1752 983 1814 volueris
1061 1767 1062 1830 ᾖ

223 1851 263 1910 ad
292 1851 453 1911 exteriora
484 1850 658 1910 declinare.
701 1849 740 1909 Et
761 1849 789 1908 si
819 1849 910 1910 illum
935 1851 983 1910 ef·

189 1947 389 2024 rsiugaveris
411 1958 443 2009 et
464 1947 663 2025 perdideris3
691 1947 731 2006 ad
753 1963 849 2023 quem
874 1946 983 2024 fugies

223 2054 255 2105 et
283 2062 381 2121 quern
410 2055 488 2106 tunc
517 2061 656 2122 quaeres
686 2044 854 2105 amicum?
901 2044 983 2107 Sine

222 2143 328 2203 arnico
343 2161 409 2204 non
424 2153 518 2220 potes
539 2143 623 2203 bene
638 2143 767 2217 vivere3
789 2152 821 2202 er
841 2143 868 2202 si
886 2143 982 2205 lesus

222 2259 287 2301 non
304 2241 402 2302 fuerit
417 2241 473 2302 tibi
490 2258 568 2316 prae
583 2240 736 2301 omnibus
751 2240 891 2300 amicus:
913 2241 982 2301 eris

222 2339 321 2399 nimis
349 2339 452 2400 tristis
481 2349 513 2399 et
541 2339 717 2400 desolatus.
760 2340 859 2399 Fatue
881 2339 983 2416 igitur

184 2437 306 2513 magis:
342 2437 370 2497 si
402 2437 435 2497 in
472 2437 581 2513 aliquo
617 2437 719 2496 altero
755 2436 894 2496 confidis
924 2448 982 2498 aut

221 2533 361 2594 laetaris.
419 2534 611 2610 Eligendum
651 2543 701 2594 est
736 2534 839 2611 magis
874 2544 979 2596 totum

220 2633 378 2693 mundum
394 2633 514 2692 habere
526 2632 740 2692 contrarium:
756 2649 852 2709 quam
865 2633 976 2693 lesum

221 2731 394 2791 offensum.
438 2729 484 2789 Ex
514 2729 667 2789 omnibus
696 2746 773 2806 ergo
802 2729 904 2789 caris:
936 2729 980 2790 sit

222 2828 315 2888 Iesus
337 2828 428 2887 solus
451 2826 590 2887 dilectus
612 2826 775 2903 specialis.

183 2939 210 2980 25
261 2925 445 3002 Diligentur
459 2942 575 2985 omnes
589 2934 723 3001 propter
738 2925 861 2985 Iesum:
883 2925 980 2986 lesus

219 3032 327 3083 autem
359 3031 491 3098 propter
521 3039 558 3082 se
589 3022 706 3098 ipsum.
756 3021 854 3082 Solus
884 3023 980 3083 lesus

220 3119 377 3180 Christus
405 3119 615 3196 singulariter
638 3130 688 3182 est
716 3120 891 3181 amandus:
921 3122 978 3197 qui

219 3218 310 3278 solus
331 3218 438 3278 bonus
467 3228 498 3278 et
521 3218 627 3278 fidelis
655 3236 732 3294 prae
754 3218 906 3278 omnibus
930 3219 979 3278 in·

219 3315 350 3375 venitur
371 3315 495 3375 amicis.
526 3316 664 3391 Propter
678 3316 786 3391 ipsum
807 3323 839 3374 et
854 3314 887 3374 in
903 3314 978 3391 ipso

181 3421 283 3471 aotam
308 3411 403 3472 amici
433 3428 529 3487 quam
559 3410 682 3471 inimici
712 3411 778 3472 sint
806 3411 862 3473 tibi
893 3413 979 3489 cari3

219 3519 250 3569 er
278 3526 337 3586 pro
368 3508 520 3568 omnibus
548 3509 600 3569 his
629 3511 813 3571 exorandus
842 3521 908 3570 est:
942 3523 978 3573 ut

583 3613 611 3655 τε
