2156 4168
516 386 680 442 Epilegomens.

220 522 445 600 graphicarum
457 522 533 582 huic
544 521 677 582 editioni
690 521 889 582 adiectarum
901 538 979 582 con-

222 603 401 678 firmentur,
417 603 462 663 rei
479 602 765 680 palaeographicae
780 602 875 679 periti
889 603 979 663 vide-

222 684 295 744 rint.

473 815 513 875 V.
535 812 727 876 AVCTOR.

262 961 329 1021 Etsi
362 962 614 1023 famosissimam
646 964 733 1023 illam
770 963 810 1022 de
843 972 978 1022 auctore

222 1041 414 1102 Imitationis
426 1043 550 1105 Christi
563 1043 818 1104 controversiam
828 1043 891 1102 iam
900 1042 978 1101 inde

222 1139 261 1182 ex
283 1123 335 1182 his
356 1123 460 1183 tribus
482 1142 586 1200 paene
607 1124 749 1184 saeculis
771 1140 845 1182 cum
861 1139 978 1199 magna

221 1203 386 1263 doctrinae
408 1204 584 1265 subtilitate
606 1215 674 1265 tum
696 1203 883 1265 vehementi
907 1220 978 1279 par-

221 1283 301 1343 tium
311 1285 835 1362 contentioneagitataminoctavo
844 1284 976 1343 demum

221 1363 319 1422 huius
335 1364 488 1424 editionis
503 1365 670 1425 volumine
688 1365 759 1424 Deo
778 1363 978 1440 adprobante

221 1443 407 1503 testimonia
433 1445 695 1522 conquirentem,
721 1453 910 1521 augentem,
932 1443 978 1502 dl-

221 1523 977 1602 iudicantemtandemaliquandodirempturum

221 1621 274 1664 me
289 1621 364 1664 esse
381 1621 488 1681 spero,
509 1616 618 1666 tamen
634 1615 860 1682 argumentum
876 1604 978 1681 quod-

222 1685 294 1743 dam
317 1702 335 1743 a
356 1685 479 1745 codicis
500 1685 525 1745 Α
549 1686 661 1746 habitu
685 1685 897 1760 arcessitum,
919 1684 978 1744 sed

221 1765 336 1840 partim
359 1766 464 1825 adhuc
486 1767 688 1843 neglectum,
716 1765 832 1842 partim
861 1781 977 1840 parum

221 1845 325 1904 solide
356 1855 515 1923 acuteque
546 1847 760 1923 disceptatum
792 1845 978 1922 legentibus

221 1925 284 1985 iam
313 1925 367 1984 hic
395 1944 577 2002 proponere
607 1927 711 1987 liceat.
754 1925 852 2004 Quod
881 1926 978 2001 quale

221 2006 264 2065 sit
285 2023 349 2082 quo
379 2006 506 2066 facilius
528 2007 750 2084 intellegatur,
778 2006 863 2066 inira
887 2006 978 2065 tabu·

222 2087 284 2144 lam
307 2103 424 2161 ponam
454 2087 602 2147 codicum
632 2087 828 2147 mutationes
850 2086 978 2146 mutila-

221 2165 403 2242 tionesque,
419 2184 555 2243 quarum
571 2177 695 2243 partem
710 2168 774 2227 iam
790 2184 889 2242 supra
902 2183 978 2226 con·

221 2246 290 2321 tuli,
300 2247 472 2322 adscriptis
481 2247 979 2324 generumnumerisinlustran-

221 2326 980 2405 tem,adcuiusn0tasnumerosqueexplicanda

223 2408 303 2466 haec
325 2408 512 2483 praemitto:

256 2487 978 2566 Inpaginulalcodicum,quossuprap.436sq.

222 2568 421 2644 enumeravi,
439 2579 534 2628 notae
549 2570 673 2644 positae
689 2579 774 2643 sunt,
790 2568 910 2644 quibus
926 2568 979 2627 ad-

222 2648 287 2707 didi
318 2647 361 2718 0,
391 2649 424 2708 id
456 2659 505 2709 est
534 2649 678 2709 codicem
708 2646 900 2725 Aquensem
930 2651 979 2722 49,

222 2728 472 2804 foliorum211,
501 2739 628 2804 praeter
657 2728 805 2791 Caesarii
831 2728 979 2788 Heister-

221 2809 372 2868 bacensis
388 2809 514 2885 Dialogi
536 2810 790 2870 miraculorum¹
812 2808 979 2868 dimidiam

223 2899 345 2964 partem
368 2890 512 2964 alteram,
534 2889 609 2950 inde
631 2908 649 2949 a
666 2890 744 2949 folio
763 2892 819 2948 154
834 2888 980 2949 Thomae

223 2987 241 3028 a
253 2969 389 3045 Kempis
401 2969 578 3029 Sermones
593 2971 633 3029 ad
646 2969 795 3029 nouicios
810 2969 981 3029 continen-

223 3059 288 3109 tem
298 3059 329 3110 et
337 3051 375 3120 K,
387 3067 450 3126 qua
458 3050 564 3110 littera
572 3050 678 3110 Biblia
686 3050 981 3110 Darmstadiensia²

266 3265 273 3291 ¹
289 3264 399 3317 losepbus
415 3264 480 3307 Stran
496 3278 520 3360 ed
536 3268 573 3360 Ἱυί
591 3266 709 3318 Dialogum
725 3265 835 3307 Coloniae
849 3267 979 3318 sumptibus

225 3316 242 3358 1.
254 3316 285 3359 Μ.
298 3318 393 3360 Heberle
406 3277 496 3360 Μῦῦὲ
522 3319 538 3360 L
564 3321 642 3372 edidit,
658 3322 680 3360 in
696 3320 841 3372 praelationis
857 3329 907 3372 p.v
922 3320 980 3361 codi-

224 3383 270 3412 cem
290 3384 341 3413 sero
360 3373 387 3414 ad
407 3385 431 3414 se
450 3375 610 3414 transmissum
631 3376 653 3414 in
671 3373 757 3414 ultimis
777 3382 861 3414 rantum
882 3373 979 3426 plagulis

224 3426 361 3467 excutiendis
376 3426 480 3468 adhibere
495 3428 538 3468 sibi
555 3427 647 3468 licuisse
662 3429 770 3479 queritur.

265 3479 274 3504 ²
289 3479 343 3520 Vide
357 3491 427 3530 supra
442 3492 464 3531 p.
480 3480 520 3520 462
530 3493 572 3532 sq„
