<?xml version="1.0" encoding="UTF-8"?>
<!DOCTYPE html PUBLIC "-//W3C//DTD XHTML 1.0 Transitional//EN"
    "http://www.w3.org/TR/xhtml1/DTD/xhtml1-transitional.dtd">
<html xmlns="http://www.w3.org/1999/xhtml" xml:lang="en" lang="en">
 <head>
  <title>
</title>
<meta http-equiv="Content-Type" content="text/html;charset=utf-8" />
  <meta name='ocr-system' content='tesseract 3.04.00' />
  <meta name='ocr-capabilities' content='ocr_page ocr_carea ocr_par ocr_line ocrx_word'/>
</head>
<body>
  <div class='ocr_page' id='page_1' title='image "./thomaehemerkena03pohlgoog_0302.png"; bbox 0 0 2160 4194; ppageno 0'>
   <div class='ocr_carea' id='block_1_1' title="bbox 96 607 877 1274">
    <p class='ocr_par' dir='ltr' id='par_1_1' title="bbox 96 607 877 1274">
     <span class='ocr_line' id='line_1_1' title="bbox 98 607 852 672; baseline 0.004 -4"><span class='ocrx_word' id='word_1_1' title='bbox 98 608 175 669; x_wconf 82' lang='lat' dir='ltr'>fecit</span> <span class='ocrx_word' id='word_1_2' title='bbox 192 607 298 668; x_wconf 89' lang='lat' dir='ltr'>David</span> <span class='ocrx_word' id='word_1_3' title='bbox 313 618 446 669; x_wconf 90' lang='lat' dir='ltr'>sanctus</span> <span class='ocrx_word' id='word_1_4' title='bbox 462 618 494 669; x_wconf 93' lang='lat' dir='ltr'>et</span> <span class='ocrx_word' id='word_1_5' title='bbox 508 625 565 669; x_wconf 89' lang='lat' dir='ltr'>rex</span> <span class='ocrx_word' id='word_1_6' title='bbox 580 619 731 670; x_wconf 88' lang='lat' dir='ltr'>terrenus</span> <span class='ocrx_word' id='word_1_7' title='bbox 742 627 852 672; x_wconf 89' lang='lat' dir='ltr'>curam</span> 
     </span>
     <span class='ocr_line' id='line_1_2' title="bbox 96 706 854 787; baseline 0.005 -21"><span class='ocrx_word' id='word_1_8' title='bbox 96 707 198 766; x_wconf 89' lang='lat' dir='ltr'>totius</span> <span class='ocrx_word' id='word_1_9' title='bbox 220 706 311 784; x_wconf 90' lang='lat' dir='ltr'>regni</span> <span class='ocrx_word' id='word_1_10' title='bbox 331 706 522 784; x_wconf 89' lang='lat' dir='ltr'>possidens;</span> <span class='ocrx_word' id='word_1_11' title='bbox 544 709 782 787; x_wconf 87' lang='lat' dir='ltr'>quantomagis</span> <span class='ocrx_word' id='word_1_12' title='bbox 804 727 854 770; x_wconf 87' lang='lat' dir='ltr'>re·</span> 
     </span>
     <span class='ocr_line' id='line_1_3' title="bbox 97 804 853 882; baseline 0.004 -18"><span class='ocrx_word' id='word_1_13' title='bbox 97 805 237 882; x_wconf 91' lang='lat' dir='ltr'>ligiosus</span> <span class='ocrx_word' id='word_1_14' title='bbox 269 805 339 864; x_wconf 89' lang='lat' dir='ltr'>Deo</span> <span class='ocrx_word' id='word_1_15' title='bbox 374 804 546 881; x_wconf 79' lang='lat' dir='ltr'>professus</span> <span class='ocrx_word' id='word_1_16' title='bbox 582 806 734 867; x_wconf 89' lang='lat' dir='ltr'>omnibus</span> <span class='ocrx_word' id='word_1_17' title='bbox 765 807 853 867; x_wconf 91' lang='lat' dir='ltr'>curis</span> 
     </span>
     <span class='ocr_line' id='line_1_4' title="bbox 96 901 853 978; baseline 0.007 -17"><span class='ocrx_word' id='word_1_18' title='bbox 96 901 240 962; x_wconf 89' lang='lat' dir='ltr'>terrenis</span> <span class='ocrx_word' id='word_1_19' title='bbox 261 902 437 978; x_wconf 85' lang='lat' dir='ltr'>neglectis,</span> <span class='ocrx_word' id='word_1_20' title='bbox 466 904 562 964; x_wconf 89' lang='lat' dir='ltr'>debet</span> <span class='ocrx_word' id='word_1_21' title='bbox 583 905 705 965; x_wconf 90' lang='lat' dir='ltr'>habere</span> <span class='ocrx_word' id='word_1_22' title='bbox 726 906 853 966; x_wconf 90' lang='lat' dir='ltr'>animae</span> 
     </span>
     <span class='ocr_line' id='line_1_5' title="bbox 97 999 877 1078; baseline 0 -18"><span class='ocrx_word' id='word_1_23' title='bbox 97 1017 178 1060; x_wconf 87' lang='lat' dir='ltr'>suae</span> <span class='ocrx_word' id='word_1_24' title='bbox 200 999 339 1060; x_wconf 89' lang='lat' dir='ltr'>salutem</span> <span class='ocrx_word' id='word_1_25' title='bbox 362 1016 439 1076; x_wconf 90' lang='lat' dir='ltr'>prae</span> <span class='ocrx_word' id='word_1_26' title='bbox 455 1001 586 1062; x_wconf 77' lang='lat' dir='ltr'>oculis?</span> <span class='ocrx_word' id='word_1_27' title='bbox 614 1000 665 1062; x_wconf 81' lang='lat' dir='ltr'>Ad</span> <span class='ocrx_word' id='word_1_28' title='bbox 680 1001 877 1078; x_wconf 81' lang='lat' dir='ltr'>puritatems</span> 
     </span>
     <span class='ocr_line' id='line_1_6' title="bbox 98 1097 854 1162; baseline 0.007 -6"><span class='ocrx_word' id='word_1_29' title='bbox 98 1097 208 1158; x_wconf 91' lang='lat' dir='ltr'>cordis</span> <span class='ocrx_word' id='word_1_30' title='bbox 224 1097 319 1157; x_wconf 87' lang='lat' dir='ltr'>valde</span> <span class='ocrx_word' id='word_1_31' title='bbox 340 1097 453 1158; x_wconf 90' lang='lat' dir='ltr'>iuvant</span> <span class='ocrx_word' id='word_1_32' title='bbox 468 1099 610 1160; x_wconf 88' lang='lat' dir='ltr'>solitudo</span> <span class='ocrx_word' id='word_1_33' title='bbox 626 1109 658 1160; x_wconf 93' lang='lat' dir='ltr'>et</span> <span class='ocrx_word' id='word_1_34' title='bbox 672 1100 854 1162; x_wconf 89' lang='lat' dir='ltr'>silentium:</span> 
     </span>
     <span class='ocr_line' id='line_1_7' title="bbox 97 1196 854 1274; baseline 0.004 -19"><span class='ocrx_word' id='word_1_35' title='bbox 97 1196 251 1271; x_wconf 91' lang='lat' dir='ltr'>studere,</span> <span class='ocrx_word' id='word_1_36' title='bbox 279 1196 406 1272; x_wconf 87' lang='lat' dir='ltr'>legere,</span> <span class='ocrx_word' id='word_1_37' title='bbox 429 1213 542 1273; x_wconf 86' lang='lat' dir='ltr'>orare,</span> <span class='ocrx_word' id='word_1_38' title='bbox 563 1198 730 1274; x_wconf 88' lang='lat' dir='ltr'>meditari,</span> <span class='ocrx_word' id='word_1_39' title='bbox 756 1208 788 1258; x_wconf 88' lang='lat' dir='ltr'>et</span> <span class='ocrx_word' id='word_1_40' title='bbox 809 1198 854 1258; x_wconf 94' lang='lat' dir='ltr'>nil</span> 
     </span>
    </p>
   </div>
   <div class='ocr_carea' id='block_1_2' title="bbox 97 1291 893 2138">
    <p class='ocr_par' dir='ltr' id='par_1_2' title="bbox 97 1291 893 2138">
     <span class='ocr_line' id='line_1_8' title="bbox 98 1291 855 1373; baseline 0.008 -22"><span class='ocrx_word' id='word_1_41' title='bbox 98 1293 186 1353; x_wconf 87' lang='lat' dir='ltr'>velle</span> <span class='ocrx_word' id='word_1_42' title='bbox 214 1291 301 1352; x_wconf 90' lang='lat' dir='ltr'>scire</span> <span class='ocrx_word' id='word_1_43' title='bbox 323 1294 363 1353; x_wconf 91' lang='lat' dir='ltr'>de</span> <span class='ocrx_word' id='word_1_44' title='bbox 392 1302 477 1354; x_wconf 91' lang='lat' dir='ltr'>statu</span> <span class='ocrx_word' id='word_1_45' title='bbox 499 1295 630 1371; x_wconf 92' lang='lat' dir='ltr'>mundi;</span> <span class='ocrx_word' id='word_1_46' title='bbox 659 1297 735 1373; x_wconf 93' lang='lat' dir='ltr'>quia</span> <span class='ocrx_word' id='word_1_47' title='bbox 756 1313 855 1373; x_wconf 85' lang='lat' dir='ltr'>saepe</span> 
     </span>
     <span class='ocr_line' id='line_1_9' title="bbox 97 1391 856 1470; baseline 0.007 -21"><span class='ocrx_word' id='word_1_48' title='bbox 97 1391 174 1466; x_wconf 88' lang='lat' dir='ltr'>plus</span> <span class='ocrx_word' id='word_1_49' title='bbox 189 1399 309 1450; x_wconf 90' lang='lat' dir='ltr'>nocent</span> <span class='ocrx_word' id='word_1_50' title='bbox 324 1392 408 1451; x_wconf 90' lang='lat' dir='ltr'>mala</span> <span class='ocrx_word' id='word_1_51' title='bbox 425 1392 549 1452; x_wconf 90' lang='lat' dir='ltr'>audita:</span> <span class='ocrx_word' id='word_1_52' title='bbox 572 1409 667 1469; x_wconf 91' lang='lat' dir='ltr'>quam</span> <span class='ocrx_word' id='word_1_53' title='bbox 685 1394 769 1455; x_wconf 90' lang='lat' dir='ltr'>bona</span> <span class='ocrx_word' id='word_1_54' title='bbox 783 1411 856 1470; x_wconf 90' lang='lat' dir='ltr'>pro-</span> 
     </span>
     <span class='ocr_line' id='line_1_10' title="bbox 98 1487 892 1568; baseline 0.001 -21"><span class='ocrx_word' id='word_1_55' title='bbox 98 1496 177 1548; x_wconf 89' lang='lat' dir='ltr'><strong>sunt</strong></span> <span class='ocrx_word' id='word_1_56' title='bbox 198 1487 232 1547; x_wconf 93' lang='lat' dir='ltr'>in</span> <span class='ocrx_word' id='word_1_57' title='bbox 254 1488 347 1548; x_wconf 87' lang='lat' dir='ltr'>libris</span> <span class='ocrx_word' id='word_1_58' title='bbox 370 1490 463 1551; x_wconf 87' lang='lat' dir='ltr'>lecta.</span> <span class='ocrx_word' id='word_1_59' title='bbox 499 1490 562 1550; x_wconf 87' lang='lat' dir='ltr'>Vix</span> <span class='ocrx_word' id='word_1_60' title='bbox 584 1490 672 1551; x_wconf 91' lang='lat' dir='ltr'>enim</span> <span class='ocrx_word' id='word_1_61' title='bbox 694 1492 857 1568; x_wconf 88' lang='lat' dir='ltr'>reperitur</span> <span class='ocrx_word' id='word_1_62' title='bbox 867 1507 892 1548; x_wconf 83' lang='lat' dir='ltr'>ro</span> 
     </span>
     <span class='ocr_line' id='line_1_11' title="bbox 99 1586 856 1664; baseline 0.007 -19"><span class='ocrx_word' id='word_1_63' title='bbox 99 1586 185 1646; x_wconf 89' lang='lat' dir='ltr'>actio</span> <span class='ocrx_word' id='word_1_64' title='bbox 215 1596 280 1646; x_wconf 88' lang='lat' dir='ltr'>tam</span> <span class='ocrx_word' id='word_1_65' title='bbox 309 1586 412 1646; x_wconf 90' lang='lat' dir='ltr'>bona:</span> <span class='ocrx_word' id='word_1_66' title='bbox 445 1587 497 1646; x_wconf 93' lang='lat' dir='ltr'>cui</span> <span class='ocrx_word' id='word_1_67' title='bbox 530 1588 651 1664; x_wconf 91' lang='lat' dir='ltr'>aliquid</span> <span class='ocrx_word' id='word_1_68' title='bbox 683 1589 758 1649; x_wconf 92' lang='lat' dir='ltr'>mali</span> <span class='ocrx_word' id='word_1_69' title='bbox 790 1607 856 1650; x_wconf 94' lang='lat' dir='ltr'>non</span> 
     </span>
     <span class='ocr_line' id='line_1_12' title="bbox 99 1683 856 1747; baseline 0.007 -5"><span class='ocrx_word' id='word_1_70' title='bbox 99 1683 310 1744; x_wconf 86' lang='lat' dir='ltr'>admiscetur.</span> <span class='ocrx_word' id='word_1_71' title='bbox 347 1684 385 1744; x_wconf 90' lang='lat' dir='ltr'>Et</span> <span class='ocrx_word' id='word_1_72' title='bbox 406 1683 440 1743; x_wconf 96' lang='lat' dir='ltr'>in</span> <span class='ocrx_word' id='word_1_73' title='bbox 463 1685 551 1744; x_wconf 92' lang='lat' dir='ltr'>omni</span> <span class='ocrx_word' id='word_1_74' title='bbox 574 1686 674 1746; x_wconf 87' lang='lat' dir='ltr'>verbo</span> <span class='ocrx_word' id='word_1_75' title='bbox 696 1687 748 1746; x_wconf 93' lang='lat' dir='ltr'>vel</span> <span class='ocrx_word' id='word_1_76' title='bbox 773 1686 856 1747; x_wconf 87' lang='lat' dir='ltr'>lacto</span> 
     </span>
     <span class='ocr_line' id='line_1_13' title="bbox 99 1781 857 1859; baseline 0.001 -17"><span class='ocrx_word' id='word_1_77' title='bbox 99 1782 309 1842; x_wconf 87' lang='lat' dir='ltr'>adversarius</span> <span class='ocrx_word' id='word_1_78' title='bbox 323 1781 427 1841; x_wconf 90' lang='lat' dir='ltr'>tendit</span> <span class='ocrx_word' id='word_1_79' title='bbox 449 1782 601 1859; x_wconf 90' lang='lat' dir='ltr'>laqueos:</span> <span class='ocrx_word' id='word_1_80' title='bbox 623 1792 658 1843; x_wconf 93' lang='lat' dir='ltr'>ut</span> <span class='ocrx_word' id='word_1_81' title='bbox 673 1783 712 1842; x_wconf 97' lang='lat' dir='ltr'>ab</span> <span class='ocrx_word' id='word_1_82' title='bbox 729 1783 857 1844; x_wconf 87' lang='lat' dir='ltr'>interna</span> 
     </span>
     <span class='ocr_line' id='line_1_14' title="bbox 100 1879 857 1958; baseline 0.001 -18"><span class='ocrx_word' id='word_1_83' title='bbox 100 1879 271 1940; x_wconf 86' lang='lat' dir='ltr'>vacatione</span> <span class='ocrx_word' id='word_1_84' title='bbox 286 1880 428 1939; x_wconf 89' lang='lat' dir='ltr'>retrahat</span> <span class='ocrx_word' id='word_1_85' title='bbox 443 1889 597 1940; x_wconf 86' lang='lat' dir='ltr'>mentem.</span> <span class='ocrx_word' id='word_1_86' title='bbox 623 1881 722 1942; x_wconf 88' lang='lat' dir='ltr'>Novit</span> <span class='ocrx_word' id='word_1_87' title='bbox 737 1882 857 1958; x_wconf 87' lang='lat' dir='ltr'>quippe</span> 
     </span>
     <span class='ocr_line' id='line_1_15' title="bbox 101 1977 893 2054; baseline -0.001 -16"><span class='ocrx_word' id='word_1_88' title='bbox 101 1995 160 2038; x_wconf 90' lang='lat' dir='ltr'>cor</span> <span class='ocrx_word' id='word_1_89' title='bbox 181 1979 376 2038; x_wconf 89' lang='lat' dir='ltr'>humanum:</span> <span class='ocrx_word' id='word_1_90' title='bbox 399 1977 475 2054; x_wconf 90' lang='lat' dir='ltr'>quia</span> <span class='ocrx_word' id='word_1_91' title='bbox 496 1978 523 2038; x_wconf 92' lang='lat' dir='ltr'>si</span> <span class='ocrx_word' id='word_1_92' title='bbox 540 1995 605 2038; x_wconf 91' lang='lat' dir='ltr'>non</span> <span class='ocrx_word' id='word_1_93' title='bbox 621 1979 801 2039; x_wconf 85' lang='lat' dir='ltr'>delectatur</span> <span class='ocrx_word' id='word_1_94' title='bbox 822 1979 856 2038; x_wconf 92' lang='lat' dir='ltr'>in</span> <span class='ocrx_word' id='word_1_95' title='bbox 868 1997 893 2037; x_wconf 84' lang='lat'>15</span> 
     </span>
     <span class='ocr_line' id='line_1_16' title="bbox 100 2075 624 2138; baseline 0.006 -4"><span class='ocrx_word' id='word_1_96' title='bbox 100 2077 189 2136; x_wconf 92' lang='lat' dir='ltr'>bono</span> <span class='ocrx_word' id='word_1_97' title='bbox 211 2075 275 2135; x_wconf 92' lang='lat' dir='ltr'>cito</span> <span class='ocrx_word' id='word_1_98' title='bbox 297 2075 416 2136; x_wconf 83' lang='lat' dir='ltr'>labitur</span> <span class='ocrx_word' id='word_1_99' title='bbox 437 2076 469 2136; x_wconf 92' lang='lat' dir='ltr'>in</span> <span class='ocrx_word' id='word_1_100' title='bbox 492 2078 624 2138; x_wconf 91' lang='lat' dir='ltr'>malum.</span> 
     </span>
    </p>
   </div>
   <div class='ocr_carea' id='block_1_3' title="bbox 147 2272 815 2334">
    <p class='ocr_par' dir='ltr' id='par_1_3' title="bbox 147 2272 815 2334">
     <span class='ocr_line' id='line_1_17' title="bbox 147 2272 815 2334; baseline 0.001 -3"><span class='ocrx_word' id='word_1_101' title='bbox 147 2273 195 2331; x_wconf 80' lang='lat' dir='ltr'>De</span> <span class='ocrx_word' id='word_1_102' title='bbox 214 2272 361 2332; x_wconf 82' lang='lat' dir='ltr'>custodia</span> <span class='ocrx_word' id='word_1_103' title='bbox 382 2273 446 2332; x_wconf 86' lang='lat' dir='ltr'>on&#39;s</span> <span class='ocrx_word' id='word_1_104' title='bbox 467 2277 499 2333; x_wconf 82' lang='lat' dir='ltr'>et</span> <span class='ocrx_word' id='word_1_105' title='bbox 518 2273 666 2334; x_wconf 83' lang='lat' dir='ltr'>exercitio</span> <span class='ocrx_word' id='word_1_106' title='bbox 688 2274 815 2334; x_wconf 86' lang='lat' dir='ltr'>loboris.</span> 
     </span>
    </p>
   </div>
   <div class='ocr_carea' id='block_1_4' title="bbox 349 2431 617 2481">
    <p class='ocr_par' dir='ltr' id='par_1_4' title="bbox 349 2431 617 2481">
     <span class='ocr_line' id='line_1_18' title="bbox 349 2431 617 2481; baseline 0.004 -1"><span class='ocrx_word' id='word_1_107' title='bbox 349 2431 554 2481; x_wconf 82' lang='lat' dir='ltr'>CAPITVLVM</span> <span class='ocrx_word' id='word_1_108' title='bbox 572 2432 617 2481; x_wconf 91' lang='lat' dir='ltr'>Vl.</span> 
     </span>
    </p>
   </div>
   <div class='ocr_carea' id='block_1_5' title="bbox 102 2506 896 3522">
    <p class='ocr_par' dir='ltr' id='par_1_5' title="bbox 102 2506 896 3522">
     <span class='ocr_line' id='line_1_19' title="bbox 102 2506 858 2728; baseline 0.003 -102"><span class='ocrx_word' id='word_1_109' title='bbox 102 2506 343 2728; x_wconf 41' lang='lat' dir='ltr'>Magnam</span> <span class='ocrx_word' id='word_1_110' title='bbox 367 2566 417 2626; x_wconf 86' lang='lat' dir='ltr'>ori</span> <span class='ocrx_word' id='word_1_111' title='bbox 440 2578 497 2628; x_wconf 89' lang='lat' dir='ltr'>tuo</span> <span class='ocrx_word' id='word_1_112' title='bbox 519 2568 699 2628; x_wconf 85' lang='lat' dir='ltr'>custodiam</span> <span class='ocrx_word' id='word_1_113' title='bbox 724 2568 858 2628; x_wconf 83' lang='lat' dir='ltr'>adhibe:</span> 
     </span>
     <span class='ocr_line' id='line_1_20' title="bbox 104 2623 894 2742; baseline -0.001 -19"><span class='ocrx_word' id='word_1_114' title='bbox 104 2623 115 2704; x_wconf 50' lang='lat'><strong>5</strong></span> <span class='ocrx_word' id='word_1_115' title='bbox 249 2664 325 2740; x_wconf 90' lang='lat' dir='ltr'>quia</span> <span class='ocrx_word' id='word_1_116' title='bbox 337 2665 377 2724; x_wconf 93' lang='lat' dir='ltr'>de</span> <span class='ocrx_word' id='word_1_117' title='bbox 393 2664 480 2725; x_wconf 94' lang='lat' dir='ltr'>omni</span> <span class='ocrx_word' id='word_1_118' title='bbox 497 2666 597 2726; x_wconf 90' lang='lat' dir='ltr'>verbo</span> <span class='ocrx_word' id='word_1_119' title='bbox 613 2666 717 2726; x_wconf 91' lang='lat' dir='ltr'>otioso</span> <span class='ocrx_word' id='word_1_120' title='bbox 733 2675 894 2742; x_wconf 81' lang='lat' dir='ltr'>oportetao</span> 
     </span>
     <span class='ocr_line' id='line_1_21' title="bbox 102 2761 858 2840; baseline 0 -18"><span class='ocrx_word' id='word_1_121' title='bbox 102 2773 134 2822; x_wconf 96' lang='lat' dir='ltr'>te</span> <span class='ocrx_word' id='word_1_122' title='bbox 158 2763 296 2822; x_wconf 87' lang='lat' dir='ltr'>reddere</span> <span class='ocrx_word' id='word_1_123' title='bbox 318 2761 487 2823; x_wconf 89' lang='lat' dir='ltr'>rationem.</span> <span class='ocrx_word' id='word_1_124' title='bbox 530 2763 595 2840; x_wconf 92' lang='lat' dir='ltr'>Qui</span> <span class='ocrx_word' id='word_1_125' title='bbox 620 2780 686 2823; x_wconf 92' lang='lat' dir='ltr'>non</span> <span class='ocrx_word' id='word_1_126' title='bbox 716 2763 858 2823; x_wconf 82' lang='lat' dir='ltr'>refrenat</span> 
     </span>
     <span class='ocr_line' id='line_1_22' title="bbox 102 2859 859 2937; baseline 0 -17"><span class='ocrx_word' id='word_1_127' title='bbox 102 2861 247 2937; x_wconf 82' lang='lat' dir='ltr'>linguam</span> <span class='ocrx_word' id='word_1_128' title='bbox 270 2877 362 2920; x_wconf 90' lang='lat' dir='ltr'>suam</span> <span class='ocrx_word' id='word_1_129' title='bbox 385 2859 429 2920; x_wconf 90' lang='lat' dir='ltr'>ait</span> <span class='ocrx_word' id='word_1_130' title='bbox 443 2860 558 2920; x_wconf 90' lang='lat' dir='ltr'>beatus</span> <span class='ocrx_word' id='word_1_131' title='bbox 581 2861 717 2920; x_wconf 89' lang='lat' dir='ltr'>lacobus</span> <span class='ocrx_word' id='word_1_132' title='bbox 732 2869 859 2936; x_wconf 87' lang='lat' dir='ltr'>aposto-</span> 
     </span>
     <span class='ocr_line' id='line_1_23' title="bbox 103 2957 859 3034; baseline -0.003 -16"><span class='ocrx_word' id='word_1_133' title='bbox 103 2959 173 3018; x_wconf 91' lang='lat' dir='ltr'>lus:</span> <span class='ocrx_word' id='word_1_134' title='bbox 196 2957 295 3017; x_wconf 86' lang='lat' dir='ltr'>huius</span> <span class='ocrx_word' id='word_1_135' title='bbox 314 2973 397 3016; x_wconf 87' lang='lat' dir='ltr'>vana</span> <span class='ocrx_word' id='word_1_136' title='bbox 419 2967 469 3017; x_wconf 90' lang='lat' dir='ltr'>est</span> <span class='ocrx_word' id='word_1_137' title='bbox 491 2957 614 3034; x_wconf 90' lang='lat' dir='ltr'>religio.</span> <span class='ocrx_word' id='word_1_138' title='bbox 644 2958 727 3018; x_wconf 86' lang='lat' dir='ltr'>Nam</span> <span class='ocrx_word' id='word_1_139' title='bbox 750 2975 789 3018; x_wconf 86' lang='lat' dir='ltr'>ex</span> <span class='ocrx_word' id='word_1_140' title='bbox 811 2957 859 3017; x_wconf 95' lang='lat' dir='ltr'>in-</span> 
     </span>
     <span class='ocr_line' id='line_1_24' title="bbox 104 3054 859 3131; baseline -0.001 -16"><span class='ocrx_word' id='word_1_141' title='bbox 104 3055 254 3115; x_wconf 88' lang='lat' dir='ltr'>custodia</span> <span class='ocrx_word' id='word_1_142' title='bbox 278 3054 409 3130; x_wconf 85' lang='lat' dir='ltr'>linguae</span> <span class='ocrx_word' id='word_1_143' title='bbox 431 3055 531 3115; x_wconf 91' lang='lat' dir='ltr'>multa</span> <span class='ocrx_word' id='word_1_144' title='bbox 554 3056 637 3115; x_wconf 93' lang='lat' dir='ltr'>mala</span> <span class='ocrx_word' id='word_1_145' title='bbox 659 3056 766 3115; x_wconf 90' lang='lat' dir='ltr'>solent</span> <span class='ocrx_word' id='word_1_146' title='bbox 786 3072 859 3131; x_wconf 90' lang='lat' dir='ltr'>pro·</span> 
     </span>
     <span class='ocr_line' id='line_1_25' title="bbox 104 3151 896 3228; baseline -0.001 -15"><span class='ocrx_word' id='word_1_147' title='bbox 104 3151 237 3228; x_wconf 83' lang='lat' dir='ltr'>venire3</span> <span class='ocrx_word' id='word_1_148' title='bbox 265 3151 423 3227; x_wconf 88' lang='lat' dir='ltr'>aquibus</span> <span class='ocrx_word' id='word_1_149' title='bbox 445 3153 543 3212; x_wconf 93' lang='lat' dir='ltr'>homo</span> <span class='ocrx_word' id='word_1_150' title='bbox 572 3153 753 3213; x_wconf 90' lang='lat' dir='ltr'>taciturnus</span> <span class='ocrx_word' id='word_1_151' title='bbox 778 3153 896 3212; x_wconf 82' lang='lat' dir='ltr'>liber25</span> 
     </span>
     <span class='ocr_line' id='line_1_26' title="bbox 104 3249 859 3326; baseline 0 -16"><span class='ocrx_word' id='word_1_152' title='bbox 104 3260 172 3310; x_wconf 89' lang='lat' dir='ltr'>est:</span> <span class='ocrx_word' id='word_1_153' title='bbox 195 3251 257 3308; x_wconf 87' lang='lat' dir='ltr'>nec</span> <span class='ocrx_word' id='word_1_154' title='bbox 279 3249 401 3326; x_wconf 92' lang='lat' dir='ltr'>indiget</span> <span class='ocrx_word' id='word_1_155' title='bbox 423 3250 550 3326; x_wconf 91' lang='lat' dir='ltr'>culpam</span> <span class='ocrx_word' id='word_1_156' title='bbox 574 3251 732 3310; x_wconf 84' lang='lat' dir='ltr'>confiteri.</span> <span class='ocrx_word' id='word_1_157' title='bbox 768 3250 859 3310; x_wconf 90' lang='lat' dir='ltr'>Velis</span> 
     </span>
     <span class='ocr_line' id='line_1_27' title="bbox 104 3346 860 3424; baseline 0.001 -18"><span class='ocrx_word' id='word_1_158' title='bbox 104 3363 183 3424; x_wconf 92' lang='lat' dir='ltr'>ergo</span> <span class='ocrx_word' id='word_1_159' title='bbox 207 3346 348 3406; x_wconf 89' lang='lat' dir='ltr'>libenter</span> <span class='ocrx_word' id='word_1_160' title='bbox 368 3356 477 3408; x_wconf 88' lang='lat' dir='ltr'>tacere</span> <span class='ocrx_word' id='word_1_161' title='bbox 499 3357 531 3407; x_wconf 88' lang='lat' dir='ltr'>et</span> <span class='ocrx_word' id='word_1_162' title='bbox 553 3348 591 3407; x_wconf 91' lang='lat' dir='ltr'>ab</span> <span class='ocrx_word' id='word_1_163' title='bbox 614 3348 728 3408; x_wconf 88' lang='lat' dir='ltr'>otiosis</span> <span class='ocrx_word' id='word_1_164' title='bbox 751 3347 860 3408; x_wconf 88' lang='lat' dir='ltr'>verbis</span> 
     </span>
     <span class='ocr_line' id='line_1_28' title="bbox 105 3444 882 3522; baseline -0.001 -18"><span class='ocrx_word' id='word_1_165' title='bbox 105 3453 137 3504; x_wconf 89' lang='lat' dir='ltr'>te</span> <span class='ocrx_word' id='word_1_166' title='bbox 160 3461 295 3520; x_wconf 84' lang='lat' dir='ltr'>cavere3</span> <span class='ocrx_word' id='word_1_167' title='bbox 324 3445 400 3522; x_wconf 85' lang='lat' dir='ltr'>quia</span> <span class='ocrx_word' id='word_1_168' title='bbox 421 3446 516 3522; x_wconf 91' lang='lat' dir='ltr'>longa</span> <span class='ocrx_word' id='word_1_169' title='bbox 542 3444 698 3505; x_wconf 82' lang='lat' dir='ltr'>fabulatio</span> <span class='ocrx_word' id='word_1_170' title='bbox 717 3445 882 3505; x_wconf 29' lang='lat' dir='ltr'>devotio-v</span> 
     </span>
    </p>
   </div>
   <div class='ocr_carea' id='block_1_6' title="bbox 105 3542 861 3688">
    <p class='ocr_par' dir='ltr' id='par_1_6' title="bbox 105 3542 861 3688">
     <span class='ocr_line' id='line_1_29' title="bbox 105 3542 861 3619; baseline 0 -18"><span class='ocrx_word' id='word_1_171' title='bbox 105 3559 181 3602; x_wconf 92' lang='lat' dir='ltr'>nem</span> <span class='ocrx_word' id='word_1_172' title='bbox 218 3542 397 3618; x_wconf 86' lang='lat' dir='ltr'>extinguit,</span> <span class='ocrx_word' id='word_1_173' title='bbox 432 3542 681 3602; x_wconf 90' lang='lat' dir='ltr'>dissolutionem</span> <span class='ocrx_word' id='word_1_174' title='bbox 717 3551 861 3619; x_wconf 88' lang='lat' dir='ltr'>generat,</span> 
     </span>
     <span class='ocr_line' id='line_1_30' title="bbox 465 3645 754 3688; baseline -0.007 0"><span class='ocrx_word' id='word_1_175' title='bbox 465 3647 502 3688; x_wconf 81' lang='lat' dir='ltr'>aar</span> <span class='ocrx_word' id='word_1_176' title='bbox 713 3645 754 3686; x_wconf 79' lang='lat' dir='ltr'>ra·</span> 
     </span>
    </p>
   </div>
   <div class='ocr_carea' id='block_1_7' title="bbox 0 0 1097 4194">
    <p class='ocr_par' dir='ltr' id='par_1_7' title="bbox 0 0 1097 4194">
     <span class='ocr_line' id='line_1_31' title="bbox 0 0 1097 4194; baseline 0 0"><span class='ocrx_word' id='word_1_177' title='bbox 0 0 1097 4194; x_wconf 95' lang='lat' dir='ltr'> </span> 
     </span>
    </p>
   </div>
  </div>
 </body>
</html>
