2146 4194
91 475 374 528 mmmmm*
416 473 447 516 111
465 474 529 516 1415
569 473 851 526 mmmm

92 609 154 668 sub
170 607 376 686 abyssalibus
392 607 522 667 iudiciis
537 605 602 666 tuis
618 605 775 666 Domine:
796 605 850 665 ubi

93 705 176 766 nihil
199 706 286 766 aliud
308 722 361 766 me
383 722 459 766 esse
482 705 625 780 invenio,
650 722 746 782 quam
769 705 850 765 nihil

93 814 126 864 et
142 805 234 865 nihil.
263 804 292 866 Ο
308 804 437 880 pondus
451 803 668 878 immensum3
683 820 701 863 o
717 803 851 880 pelagus

92 900 378 962 intransnatabile:
404 901 458 960 ubi
481 900 562 961 nihil
585 900 625 960 de
648 917 701 960 me
723 899 851 976 reperio

3 995 4 998 ’
92 1016 192 1076 quam
215 1000 248 1060 in
270 1009 337 1060 toto
359 999 450 1059 nihil.
479 998 541 1059 Vbi
564 1007 614 1058 est
632 1014 709 1074 ergo
731 997 874 1058 latebras

91 1097 234 1174 gloriae;
262 1097 317 1158 ubi
346 1095 543 1157 confidentia
571 1095 611 1156 de
633 1095 752 1156 virtute
776 1112 851 1155 con-

91 1196 216 1273 cepta?
240 1195 402 1272 Absorpta
417 1203 467 1254 est
482 1193 589 1253 omnis
601 1192 749 1269 gloriatio
760 1210 852 1268 vana,

91 1296 126 1355 in
152 1293 370 1370 profunditate
392 1292 588 1352 iudiciorum
607 1301 736 1352 tuorum
753 1308 852 1367 super

90 1409 159 1453 me.
202 1391 290 1470 Quid
312 1401 363 1452 est
384 1389 492 1450 omnis
514 1406 589 1449 caro
619 1389 651 1449 in
674 1399 851 1465 conspectu

90 1491 178 1552 tuo?
214 1489 381 1566 Numquid
402 1487 593 1565 gloriabitur
615 1488 718 1547 lutum
741 1497 888 1548 contram

91 1589 290 1650 formantem
320 1587 384 1647 se?
433 1586 607 1663 Quomodo
636 1594 744 1660 potest
771 1585 851 1663 erigi

89 1685 302 1762 vaniloquio;
333 1685 427 1746 cuius
459 1702 515 1745 cor
545 1684 579 1745 in
609 1684 746 1744 veritate
778 1685 852 1744 sub·

89 1785 216 1844 iectum
234 1792 285 1843 est
300 1782 397 1843 Deo?
427 1782 501 1842 Non
517 1798 592 1841 eum
608 1790 695 1842 totus
711 1782 853 1842 mundus

90 1881 214 1957 eriget:
244 1897 342 1958 quem
370 1881 491 1942 veritas
520 1880 582 1940 sibi
607 1881 762 1957 subiecit;
791 1898 852 1940 nec

91 1978 243 2040 omnium
265 1979 465 2040 laudantium
488 1996 544 2040 ore
569 1977 768 2039 movebitur:
797 1979 851 2056 qui
864 1997 888 2038 ιε

91 2087 196 2138 totam
218 2093 310 2153 spem
327 2093 419 2136 suam
441 2077 475 2137 in
491 2078 563 2137 Deo
586 2074 734 2136 firmavit.
768 2076 851 2137 Nam

90 2185 127 2236 et
148 2174 212 2250 ipsi
236 2174 290 2251 qui
313 2175 501 2252 loquuntur,
524 2190 601 2234 ecce
617 2189 732 2233 omnes
754 2173 852 2249 nihil;

91 2271 251 2333 deficient
286 2271 373 2332 enim
404 2289 480 2332 cum
516 2269 626 2330 sonitu
660 2270 852 2332 verborum:

91 2369 218 2432 veritas
232 2377 341 2429 autem
353 2367 485 2429 Domini
501 2377 610 2430 manet
625 2368 658 2428 in
673 2377 852 2430 aeternum.

159 2537 381 2617 QVALITER
404 2536 618 2598 sTnNovn
641 2535 707 2598 SIT
729 2537 789 2600 AC
862 2553 888 2594 20

213 2635 452 2698 DICENDVM
476 2634 520 2694 IN
544 2634 662 2696 ΟΜΝΙ
687 2635 740 2695 RE

319 2731 637 2795 DESIDERABILI.

339 2853 545 2906 CAPITVLVM
563 2853 618 2903 XV.

95 2899 259 3116 ffilli.
290 2956 344 3018 Sic
366 2956 456 3016 dicas
477 2955 511 3015 in
534 2954 622 3015 omni
639 2971 683 3015 re.
714 2954 854 3014 Domine

231 3056 258 3116 si
289 3055 345 3116 tibi
376 3053 530 3131 placitum
563 3052 676 3114 luerit:
709 3052 762 3112 liat
793 3052 891 3111 hocas

94 3156 149 3216 ita.
194 3153 335 3214 Domine
364 3153 391 3212 si
420 3151 519 3212 fuerit
547 3152 652 3210 honor
680 3159 772 3210 tuus:
802 3148 856 3209 liat

94 3255 159 3312 hoc
192 3251 226 3311 in
257 3249 390 3310 nomine
421 3259 487 3310 tuo.
539 3248 680 3309 Domine
715 3247 743 3307 si
775 3246 855 3306 milri

94 3348 222 3409 videris
237 3347 391 3424 expedire
413 3357 446 3408 et
461 3347 540 3407 utile
555 3363 631 3406 esse
649 3345 855 3421 probaveris:

93 3457 176 3508 tunc
192 3446 277 3506 dona
292 3445 372 3506 mihi
387 3447 450 3505 hoc
466 3445 511 3505 uti
527 3445 566 3503 ad
579 3445 737 3504 honorem
754 3452 855 3503 tuum.

95 3545 163 3606 Sed
187 3543 215 3602 si
231 3543 310 3603 mihi
326 3543 480 3604 nocivum
497 3543 566 3602 fore
582 3540 775 3618 cognoveris
793 3556 892 3600 necao

461 3646 496 3688 nr
