2160 4194
235 453 275 505 m
300 451 442 495 LIBELLVS
459 453 497 496 DE
514 453 690 496 DISCIPLINA
704 451 933 542 elnvsltmtlvm
954 454 995 507 ω

236 586 874 664 tempusmaleexpendittconscientiam
884 587 993 661 laedit,

236 694 268 744 et
289 684 371 745 alios
391 684 536 746 offendit.
566 684 739 746 Silentium
755 695 806 746 est
820 686 991 763 antiquum

235 783 992 860 statutumreligiosorumasanctispatribusin·

235 880 435 942 troductum:
451 890 572 941 etcum
588 881 689 941 multa
704 879 872 957 diligentia
883 889 992 942 custo·

212 976 348 1036 editum.
380 977 446 1054 Qui
463 979 525 1037 hoc
545 977 662 1037 leviter
677 977 810 1054 frangit:
832 978 939 1038 Deum
960 987 992 1038 et

235 1091 350 1134 omnes
366 1084 497 1135 sanctos
510 1074 652 1152 graviter
667 1073 813 1135 offendit.
834 1075 991 1136 Christus

235 1171 324 1232 dixit.
353 1171 402 1233 Sit
422 1188 531 1232 sermo
547 1181 657 1232 vester
676 1182 807 1232 estest:
829 1188 896 1232 non
914 1189 990 1232 non.

235 1269 332 1346 Quod
354 1269 494 1346 amplius
516 1280 580 1330 est:
602 1270 720 1330 amalo
743 1276 801 1329 est.
839 1268 991 1329 Breviter

235 1385 311 1444 ergo
323 1368 460 1444 etplane
471 1366 817 1445 loquidocuitquando
829 1365 990 1427 licet:sed

201 1485 225 1525 ro
235 1465 363 1541 quando
373 1481 439 1524 non
450 1463 526 1524 licet
536 1465 709 1526 tacendum
721 1473 781 1524 est.
797 1462 830 1524 Si
843 1462 895 1524 vis
905 1465 991 1525 bene

232 1575 366 1623 servare
382 1561 560 1638 silentium,
576 1562 650 1640 luge
666 1560 848 1639 publicum3
862 1571 895 1621 et
908 1562 991 1622 vade

234 1659 267 1719 in
283 1669 447 1720 secretum
463 1661 571 1721 locum
587 1671 622 1722 ut
637 1677 728 1722 ores:
750 1659 801 1718 vel
817 1660 856 1718 ad
872 1660 990 1719 cellam

235 1768 269 1819 ut
291 1759 380 1836 legas
403 1760 453 1818 vel
476 1759 610 1820 scribas.
647 1760 770 1824 illelius
792 1773 881 1824 esset
903 1765 991 1841 quod

234 1856 362 1932 legeres
398 1873 500 1916 unum
531 1857 692 1933 psalmum
725 1862 776 1920 vel
808 1861 991 1923 orationem

201 1952 429 2014 redominicam
453 1954 676 2030 propeccatis
698 1957 763 2017 tuis
785 1959 837 2018 vel
860 1959 991 2020 amicis:

234 2067 330 2127 quam
361 2050 408 2110 sic
438 2060 543 2111 stares
572 2051 746 2115 Iabnlando
774 2056 815 2116 de
843 2057 992 2118 materiis

235 2147 337 2208 vanis.
380 2148 454 2208 Non
484 2159 534 2209 est
560 2166 637 2210 vera
666 2152 823 2213 recreatio
852 2154 994 2214 dicenda

234 2245 327 2306 otiari
359 2256 391 2306 et
422 2245 575 2323 fabulari3
606 2249 664 2308 sed
693 2249 796 2327 magis
825 2250 993 2311 execratio

234 2343 447 2404 nominanda:
470 2345 598 2421 quando
621 2363 703 2422 opus
721 2346 780 2407 Dei
797 2347 994 2425 neglegitur,

197 2450 266 2503 anet
288 2458 393 2518 nugae
415 2440 601 2503 recitantur.
633 2443 724 2504 Vade
746 2460 822 2521 ergo
844 2446 884 2505 ad
907 2463 993 2522 opus

234 2548 337 2615 tuum,
359 2548 390 2599 et
412 2539 521 2599 labora
541 2539 574 2599 in
590 2538 686 2600 vinea
702 2541 763 2602 Dei
778 2559 837 2618 pro
855 2543 992 2604 denario

234 2646 385 2697 aeternae
408 2636 511 2712 vitae3
534 2653 577 2696 ne
598 2636 654 2697 tibi
678 2637 878 2715 improperet
899 2650 994 2717 pater

235 2733 385 2808 familias,
409 2732 487 2809 quid
509 2733 562 2793 hic
584 2743 652 2794 stas
674 2744 740 2795 tota
761 2735 814 2796 die
836 2736 993 2798 otiosus?

236 2831 357 2890 Laudat
378 2830 539 2906 scriptura
554 2830 637 2890 bene
654 2842 860 2909 operantem;
882 2851 992 2896 remu-

197 2938 326 2991 rsnerat
356 2927 512 2989 Christus
542 2944 674 2988 servum
708 2929 853 2990 lidelem:
884 2933 992 3009 arguit

235 3025 360 3102 pigrum
384 3035 416 3085 et
431 3026 675 3103 neglegentem3
697 3025 786 3088 iubet
801 3028 840 3087 ab
858 3045 898 3088 co
920 3030 991 3090 tolli

233 3122 367 3199 gratiam
391 3139 600 3184 concessam:
625 3133 657 3182 et
674 3123 742 3184 dari
765 3141 836 3184 eam
860 3125 991 3190 ferven-
1069 3151 1070 3194 l

234 3220 299 3280 tius
330 3220 487 3296 operanti.
530 3220 649 3280 Veniet
684 3237 826 3298 namque
859 3233 991 3300 tempus

234 3317 363 3394 quando
385 3334 450 3378 non
466 3316 589 3393 poteris
606 3317 746 3393 amplius
761 3320 905 3395 operari:
928 3338 990 3381 nec

197 3429 335 3480 sonuum
351 3413 482 3490 quidem
500 3415 634 3474 verbum
651 3415 738 3492 loqui
755 3433 832 3492 prae
850 3417 990 3480 infirmi-

234 3520 307 3570 tate.
353 3512 424 3572 Hoc
446 3512 542 3573 modo
568 3513 668 3573 debes
690 3514 930 3591 praecogitare3
958 3527 990 3576 et

591 3617 632 3658 292
