<?xml version="1.0" encoding="UTF-8"?>
<!DOCTYPE html PUBLIC "-//W3C//DTD XHTML 1.0 Transitional//EN"
    "http://www.w3.org/TR/xhtml1/DTD/xhtml1-transitional.dtd">
<html xmlns="http://www.w3.org/1999/xhtml" xml:lang="en" lang="en">
 <head>
  <title>
</title>
<meta http-equiv="Content-Type" content="text/html;charset=utf-8" />
  <meta name='ocr-system' content='tesseract 3.04.00' />
  <meta name='ocr-capabilities' content='ocr_page ocr_carea ocr_par ocr_line ocrx_word'/>
</head>
<body>
  <div class='ocr_page' id='page_1' title='image "./thomaehemerkena03pohlgoog_0032.png"; bbox 0 0 2142 4194; ppageno 0'>
   <div class='ocr_carea' id='block_1_1' title="bbox 86 434 845 491">
    <p class='ocr_par' dir='ltr' id='par_1_1' title="bbox 86 434 845 491">
     <span class='ocr_line' id='line_1_1' title="bbox 86 434 845 491; baseline -0.008 0"><span class='ocrx_word' id='word_1_1' title='bbox 86 437 366 491; x_wconf 50' lang='lat' dir='ltr'><strong>mmm</strong></span> <span class='ocrx_word' id='word_1_2' title='bbox 433 435 440 476; x_wconf 91' lang='lat' dir='ltr'><strong>l</strong></span> <span class='ocrx_word' id='word_1_3' title='bbox 461 437 468 476; x_wconf 86' lang='lat'>¹</span> <span class='ocrx_word' id='word_1_4' title='bbox 485 437 499 477; x_wconf 88' lang='lat'><strong>²</strong></span> <span class='ocrx_word' id='word_1_5' title='bbox 563 434 845 487; x_wconf 55' lang='lat' dir='ltr'><strong>fflfflfflbffl&amp;</strong></span> 
     </span>
    </p>
   </div>
   <div class='ocr_carea' id='block_1_2' title="bbox 87 568 844 742">
    <p class='ocr_par' dir='ltr' id='par_1_2' title="bbox 87 568 844 742">
     <span class='ocr_line' id='line_1_2' title="bbox 87 568 844 649; baseline -0.007 -17"><span class='ocrx_word' id='word_1_6' title='bbox 87 580 224 649; x_wconf 91' lang='lat' dir='ltr'><strong>quentes</strong></span> <span class='ocrx_word' id='word_1_7' title='bbox 236 587 329 630; x_wconf 84' lang='lat' dir='ltr'><strong>suam</strong></span> <span class='ocrx_word' id='word_1_8' title='bbox 339 568 584 629; x_wconf 81' lang='lat' dir='ltr'><strong>sensualitatem</strong></span> <span class='ocrx_word' id='word_1_9' title='bbox 594 569 757 628; x_wconf 85' lang='lat' dir='ltr'><strong>maculant</strong></span> <span class='ocrx_word' id='word_1_10' title='bbox 768 585 844 628; x_wconf 90' lang='lat' dir='ltr'><strong>con·</strong></span> 
     </span>
     <span class='ocr_line' id='line_1_3' title="bbox 88 665 745 742; baseline -0.003 -14"><span class='ocrx_word' id='word_1_11' title='bbox 88 669 274 730; x_wconf 91' lang='lat' dir='ltr'><strong>scientiam:</strong></span> <span class='ocrx_word' id='word_1_12' title='bbox 298 675 331 726; x_wconf 96' lang='lat' dir='ltr'><strong>et</strong></span> <span class='ocrx_word' id='word_1_13' title='bbox 352 666 493 742; x_wconf 91' lang='lat' dir='ltr'><strong>perdunt</strong></span> <span class='ocrx_word' id='word_1_14' title='bbox 516 665 577 726; x_wconf 89' lang='lat' dir='ltr'><strong>Dei</strong></span> <span class='ocrx_word' id='word_1_15' title='bbox 599 665 745 742; x_wconf 85' lang='lat' dir='ltr'><strong>gratiam.</strong></span> 
     </span>
    </p>
   </div>
   <div class='ocr_carea' id='block_1_3' title="bbox 16 829 824 1067">
    <p class='ocr_par' dir='ltr' id='par_1_3' title="bbox 16 829 824 1067">
     <span class='ocr_line' id='line_1_4' title="bbox 16 829 824 925; baseline -0.005 1"><span class='ocrx_word' id='word_1_16' title='bbox 16 829 17 832; x_wconf 7' lang='grc' dir='ltr'><strong>Ἴ</strong></span> <span class='ocrx_word' id='word_1_17' title='bbox 109 865 164 925; x_wconf 87' lang='lat' dir='ltr'><strong>DE</strong></span> <span class='ocrx_word' id='word_1_18' title='bbox 187 863 352 924; x_wconf 84' lang='lat' dir='ltr'>HVMILI</span> <span class='ocrx_word' id='word_1_19' title='bbox 377 861 561 922; x_wconf 87' lang='lat' dir='ltr'>SENTIRE</span> <span class='ocrx_word' id='word_1_20' title='bbox 584 862 652 923; x_wconf 87' lang='lat' dir='ltr'><strong>SVI</strong></span> <span class='ocrx_word' id='word_1_21' title='bbox 677 861 824 922; x_wconf 87' lang='lat' dir='ltr'>IPSIVS.</span> 
     </span>
     <span class='ocr_line' id='line_1_5' title="bbox 339 1017 595 1067; baseline 0 0"><span class='ocrx_word' id='word_1_22' title='bbox 339 1017 544 1067; x_wconf 81' lang='lat' dir='ltr'>CAPITVLVM</span> <span class='ocrx_word' id='word_1_23' title='bbox 563 1019 595 1067; x_wconf 89' lang='lat'><strong>11.</strong></span> 
     </span>
    </p>
   </div>
   <div class='ocr_carea' id='block_1_4' title="bbox 12 1154 883 3479">
    <p class='ocr_par' dir='ltr' id='par_1_4' title="bbox 12 1154 883 3479">
     <span class='ocr_line' id='line_1_6' title="bbox 135 1154 868 1237; baseline -0.005 -23"><span class='ocrx_word' id='word_1_24' title='bbox 135 1160 164 1237; x_wconf 52' lang='grc' dir='ltr'><strong>ῤ’</strong></span> <span class='ocrx_word' id='word_1_25' title='bbox 209 1154 301 1214; x_wconf 85' lang='lat' dir='ltr'><strong>IlInis</strong></span> <span class='ocrx_word' id='word_1_26' title='bbox 330 1156 428 1214; x_wconf 89' lang='lat' dir='ltr'><strong>homo</strong></span> <span class='ocrx_word' id='word_1_27' title='bbox 458 1155 649 1215; x_wconf 81' lang='lat' dir='ltr'><strong>naturaliter</strong></span> <span class='ocrx_word' id='word_1_28' title='bbox 676 1154 763 1215; x_wconf 88' lang='lat' dir='ltr'><strong>scire</strong></span> <span class='ocrx_word' id='word_1_29' title='bbox 791 1155 868 1214; x_wconf 82' lang='lat' dir='ltr'><strong>de·5</strong></span> 
     </span>
     <span class='ocr_line' id='line_1_7' title="bbox 15 1234 845 1328; baseline 0.002 -19"><span class='ocrx_word' id='word_1_30' title='bbox 15 1281 16 1290; x_wconf 59' lang='lat'><strong>.</strong></span> <span class='ocrx_word' id='word_1_31' title='bbox 97 1288 109 1309; x_wconf 73' lang='lat'><strong>.</strong></span> <span class='ocrx_word' id='word_1_32' title='bbox 138 1234 196 1309; x_wconf 57' lang='grc' dir='ltr'><strong>’τ’-</strong></span> <span class='ocrx_word' id='word_1_33' title='bbox 229 1252 369 1328; x_wconf 86' lang='lat' dir='ltr'><strong>siderat3</strong></span> <span class='ocrx_word' id='word_1_34' title='bbox 393 1254 451 1313; x_wconf 92' lang='lat' dir='ltr'><strong>sed</strong></span> <span class='ocrx_word' id='word_1_35' title='bbox 469 1239 612 1312; x_wconf 54' lang='lat' dir='ltr'><strong>&#39;scientia</strong></span> <span class='ocrx_word' id='word_1_36' title='bbox 633 1251 707 1312; x_wconf 92' lang='lat' dir='ltr'><strong>sine</strong></span> <span class='ocrx_word' id='word_1_37' title='bbox 728 1252 845 1312; x_wconf 88' lang='lat' dir='ltr'><strong>timore</strong></span> 
     </span>
     <span class='ocr_line' id='line_1_8' title="bbox 90 1349 846 1427; baseline -0.001 -16"><span class='ocrx_word' id='word_1_38' title='bbox 90 1351 146 1411; x_wconf 88' lang='lat' dir='ltr'><strong>Dei</strong></span> <span class='ocrx_word' id='word_1_39' title='bbox 170 1349 252 1427; x_wconf 93' lang='lat' dir='ltr'><strong>quid</strong></span> <span class='ocrx_word' id='word_1_40' title='bbox 275 1349 453 1425; x_wconf 83' lang='lat' dir='ltr'><strong>importat?</strong></span> <span class='ocrx_word' id='word_1_41' title='bbox 489 1349 610 1409; x_wconf 83' lang='lat' dir='ltr'><strong>Melior</strong></span> <span class='ocrx_word' id='word_1_42' title='bbox 627 1359 677 1410; x_wconf 93' lang='lat' dir='ltr'><strong>est</strong></span> <span class='ocrx_word' id='word_1_43' title='bbox 699 1350 846 1426; x_wconf 86' lang='lat' dir='ltr'><strong>prolecto</strong></span> 
     </span>
     <span class='ocr_line' id='line_1_9' title="bbox 89 1446 845 1524; baseline -0.004 -15"><span class='ocrx_word' id='word_1_44' title='bbox 89 1448 223 1509; x_wconf 89' lang='lat' dir='ltr'><strong>humilis</strong></span> <span class='ocrx_word' id='word_1_45' title='bbox 248 1446 393 1507; x_wconf 89' lang='lat' dir='ltr'><strong>rusticus</strong></span> <span class='ocrx_word' id='word_1_46' title='bbox 422 1447 477 1524; x_wconf 92' lang='lat' dir='ltr'><strong>qui</strong></span> <span class='ocrx_word' id='word_1_47' title='bbox 502 1449 572 1507; x_wconf 89' lang='lat' dir='ltr'><strong>Deo</strong></span> <span class='ocrx_word' id='word_1_48' title='bbox 602 1448 720 1508; x_wconf 88' lang='lat' dir='ltr'><strong>servit:</strong></span> <span class='ocrx_word' id='word_1_49' title='bbox 749 1465 845 1524; x_wconf 91' lang='lat' dir='ltr'><strong>quam</strong></span> 
     </span>
     <span class='ocr_line' id='line_1_10' title="bbox 90 1543 846 1623; baseline -0.001 -17"><span class='ocrx_word' id='word_1_50' title='bbox 90 1545 251 1623; x_wconf 83' lang='lat' dir='ltr'><strong>superbus</strong></span> <span class='ocrx_word' id='word_1_51' title='bbox 283 1543 501 1621; x_wconf 90' lang='lat' dir='ltr'><strong>philosophus</strong></span> <span class='ocrx_word' id='word_1_52' title='bbox 537 1545 592 1622; x_wconf 91' lang='lat' dir='ltr'><strong>qui</strong></span> <span class='ocrx_word' id='word_1_53' title='bbox 629 1562 666 1605; x_wconf 85' lang='lat' dir='ltr'><strong>se</strong></span> <span class='ocrx_word' id='word_1_54' title='bbox 697 1546 846 1622; x_wconf 87' lang='lat' dir='ltr'><strong>neglecto</strong></span> 
     </span>
     <span class='ocr_line' id='line_1_11' title="bbox 90 1641 883 1720; baseline -0.008 -16"><span class='ocrx_word' id='word_1_55' title='bbox 90 1660 221 1704; x_wconf 90' lang='lat' dir='ltr'><strong>cursum</strong></span> <span class='ocrx_word' id='word_1_56' title='bbox 249 1641 331 1702; x_wconf 85' lang='lat' dir='ltr'><strong>caeli</strong></span> <span class='ocrx_word' id='word_1_57' title='bbox 363 1642 557 1703; x_wconf 85' lang='lat' dir='ltr'><strong>considerat.</strong></span> <span class='ocrx_word' id='word_1_58' title='bbox 601 1642 667 1720; x_wconf 91' lang='lat' dir='ltr'><strong>Qui</strong></span> <span class='ocrx_word' id='word_1_59' title='bbox 697 1643 781 1703; x_wconf 86' lang='lat' dir='ltr'><strong>bene</strong></span> <span class='ocrx_word' id='word_1_60' title='bbox 810 1657 883 1702; x_wconf 84' lang='lat' dir='ltr'><strong>sero</strong></span> 
     </span>
     <span class='ocr_line' id='line_1_12' title="bbox 89 1739 847 1817; baseline 0.001 -16"><span class='ocrx_word' id='word_1_61' title='bbox 89 1742 193 1817; x_wconf 93' lang='lat' dir='ltr'><strong>ipsum</strong></span> <span class='ocrx_word' id='word_1_62' title='bbox 227 1739 397 1815; x_wconf 83' lang='lat' dir='ltr'><strong>cognoscit</strong></span> <span class='ocrx_word' id='word_1_63' title='bbox 426 1739 487 1800; x_wconf 92' lang='lat' dir='ltr'><strong>sibi</strong></span> <span class='ocrx_word' id='word_1_64' title='bbox 518 1740 579 1816; x_wconf 90' lang='lat' dir='ltr'><strong>ipsi</strong></span> <span class='ocrx_word' id='word_1_65' title='bbox 609 1741 754 1802; x_wconf 90' lang='lat' dir='ltr'><strong>vilescit:</strong></span> <span class='ocrx_word' id='word_1_66' title='bbox 786 1758 847 1802; x_wconf 89' lang='lat' dir='ltr'><strong>nec</strong></span> 
     </span>
     <span class='ocr_line' id='line_1_13' title="bbox 90 1837 846 1899; baseline -0.001 0"><span class='ocrx_word' id='word_1_67' title='bbox 90 1839 240 1899; x_wconf 87' lang='lat' dir='ltr'><strong>laudibus</strong></span> <span class='ocrx_word' id='word_1_68' title='bbox 262 1837 443 1898; x_wconf 90' lang='lat' dir='ltr'><strong>delectatur</strong></span> <span class='ocrx_word' id='word_1_69' title='bbox 464 1838 627 1899; x_wconf 89' lang='lat' dir='ltr'><strong>humanis.</strong></span> <span class='ocrx_word' id='word_1_70' title='bbox 670 1839 704 1899; x_wconf 88' lang='lat' dir='ltr'><strong>Si</strong></span> <span class='ocrx_word' id='word_1_71' title='bbox 727 1839 846 1899; x_wconf 89' lang='lat' dir='ltr'><strong>scirem</strong></span> 
     </span>
     <span class='ocr_line' id='line_1_14' title="bbox 89 1935 845 2013; baseline -0.001 -17"><span class='ocrx_word' id='word_1_72' title='bbox 89 1937 198 1997; x_wconf 92' lang='lat' dir='ltr'><strong>omnia</strong></span> <span class='ocrx_word' id='word_1_73' title='bbox 213 1952 298 2013; x_wconf 92' lang='lat' dir='ltr'><strong>quae</strong></span> <span class='ocrx_word' id='word_1_74' title='bbox 314 1935 347 1995; x_wconf 96' lang='lat' dir='ltr'><strong>in</strong></span> <span class='ocrx_word' id='word_1_75' title='bbox 363 1937 485 1996; x_wconf 96' lang='lat' dir='ltr'><strong>mundo</strong></span> <span class='ocrx_word' id='word_1_76' title='bbox 500 1945 587 2010; x_wconf 90' lang='lat' dir='ltr'><strong>sunt,</strong></span> <span class='ocrx_word' id='word_1_77' title='bbox 609 1945 641 1996; x_wconf 88' lang='lat' dir='ltr'><strong>et</strong></span> <span class='ocrx_word' id='word_1_78' title='bbox 656 1953 721 1995; x_wconf 94' lang='lat' dir='ltr'><strong>non</strong></span> <span class='ocrx_word' id='word_1_79' title='bbox 738 1953 845 1996; x_wconf 92' lang='lat' dir='ltr'><strong>essem</strong></span> 
     </span>
     <span class='ocr_line' id='line_1_15' title="bbox 90 2032 846 2109; baseline -0.004 -14"><span class='ocrx_word' id='word_1_80' title='bbox 90 2035 120 2095; x_wconf 95' lang='lat' dir='ltr'><strong>in</strong></span> <span class='ocrx_word' id='word_1_81' title='bbox 143 2034 296 2109; x_wconf 84' lang='lat' dir='ltr'><strong>caritate3</strong></span> <span class='ocrx_word' id='word_1_82' title='bbox 319 2032 396 2109; x_wconf 91' lang='lat' dir='ltr'><strong>quid</strong></span> <span class='ocrx_word' id='word_1_83' title='bbox 418 2050 471 2093; x_wconf 86' lang='lat' dir='ltr'><strong>me</strong></span> <span class='ocrx_word' id='word_1_84' title='bbox 493 2032 621 2093; x_wconf 92' lang='lat' dir='ltr'><strong>iuvaret</strong></span> <span class='ocrx_word' id='word_1_85' title='bbox 643 2050 751 2093; x_wconf 91' lang='lat' dir='ltr'><strong>coram</strong></span> <span class='ocrx_word' id='word_1_86' title='bbox 776 2034 846 2093; x_wconf 88' lang='lat' dir='ltr'><strong>Deo</strong></span> 
     </span>
     <span class='ocr_line' id='line_1_16' title="bbox 12 2131 883 2210; baseline -0.005 -20"><span class='ocrx_word' id='word_1_87' title='bbox 12 2177 14 2190; x_wconf 91' lang='lat'><strong>.</strong></span> <span class='ocrx_word' id='word_1_88' title='bbox 90 2133 142 2210; x_wconf 92' lang='lat' dir='ltr'><strong>qui</strong></span> <span class='ocrx_word' id='word_1_89' title='bbox 159 2150 214 2194; x_wconf 87' lang='lat' dir='ltr'><strong>me</strong></span> <span class='ocrx_word' id='word_1_90' title='bbox 229 2131 433 2191; x_wconf 89' lang='lat' dir='ltr'><strong>iudicaturus</strong></span> <span class='ocrx_word' id='word_1_91' title='bbox 448 2140 554 2191; x_wconf 87' lang='lat' dir='ltr'><strong>estex</strong></span> <span class='ocrx_word' id='word_1_92' title='bbox 570 2131 679 2192; x_wconf 82' lang='lat' dir='ltr'><strong>lacto?</strong></span> <span class='ocrx_word' id='word_1_93' title='bbox 702 2131 846 2208; x_wconf 88' lang='lat' dir='ltr'><strong>Quiesce</strong></span> <span class='ocrx_word' id='word_1_94' title='bbox 858 2147 883 2187; x_wconf 88' lang='lat'><strong>15</strong></span> 
     </span>
     <span class='ocr_line' id='line_1_17' title="bbox 46 2227 845 2305; baseline 0.001 -17"><span class='ocrx_word' id='word_1_95' title='bbox 46 2279 50 2288; x_wconf 89' lang='lat'><strong>.</strong></span> <span class='ocrx_word' id='word_1_96' title='bbox 90 2249 107 2290; x_wconf 87' lang='lat' dir='ltr'><strong>a</strong></span> <span class='ocrx_word' id='word_1_97' title='bbox 121 2231 224 2292; x_wconf 93' lang='lat' dir='ltr'><strong>nimio</strong></span> <span class='ocrx_word' id='word_1_98' title='bbox 240 2227 366 2290; x_wconf 90' lang='lat' dir='ltr'><strong>sciendi</strong></span> <span class='ocrx_word' id='word_1_99' title='bbox 383 2228 563 2288; x_wconf 87' lang='lat' dir='ltr'><strong>desiderio:</strong></span> <span class='ocrx_word' id='word_1_100' title='bbox 582 2228 658 2305; x_wconf 89' lang='lat' dir='ltr'><strong>quia</strong></span> <span class='ocrx_word' id='word_1_101' title='bbox 672 2246 788 2305; x_wconf 90' lang='lat' dir='ltr'><strong>magna</strong></span> <span class='ocrx_word' id='word_1_102' title='bbox 802 2229 845 2289; x_wconf 90' lang='lat' dir='ltr'><strong>ibi</strong></span> 
     </span>
     <span class='ocr_line' id='line_1_18' title="bbox 90 2324 847 2402; baseline -0.003 -13"><span class='ocrx_word' id='word_1_103' title='bbox 90 2327 257 2389; x_wconf 93' lang='lat' dir='ltr'><strong>invenitur</strong></span> <span class='ocrx_word' id='word_1_104' title='bbox 272 2325 438 2386; x_wconf 90' lang='lat' dir='ltr'><strong>distractio</strong></span> <span class='ocrx_word' id='word_1_105' title='bbox 455 2334 487 2385; x_wconf 96' lang='lat' dir='ltr'><strong>et</strong></span> <span class='ocrx_word' id='word_1_106' title='bbox 501 2324 661 2402; x_wconf 87' lang='lat' dir='ltr'><strong>deceptio.</strong></span> <span class='ocrx_word' id='word_1_107' title='bbox 697 2327 847 2388; x_wconf 88' lang='lat' dir='ltr'><strong>Scientes</strong></span> 
     </span>
     <span class='ocr_line' id='line_1_19' title="bbox 90 2422 846 2501; baseline -0.001 -14"><span class='ocrx_word' id='word_1_108' title='bbox 90 2427 230 2487; x_wconf 86' lang='lat' dir='ltr'><strong>libenter</strong></span> <span class='ocrx_word' id='word_1_109' title='bbox 253 2424 367 2484; x_wconf 92' lang='lat' dir='ltr'><strong>volunt</strong></span> <span class='ocrx_word' id='word_1_110' title='bbox 391 2422 494 2483; x_wconf 90' lang='lat' dir='ltr'><strong>videri</strong></span> <span class='ocrx_word' id='word_1_111' title='bbox 525 2433 557 2484; x_wconf 88' lang='lat' dir='ltr'><strong>et</strong></span> <span class='ocrx_word' id='word_1_112' title='bbox 579 2423 642 2484; x_wconf 92' lang='lat' dir='ltr'><strong>dici</strong></span> <span class='ocrx_word' id='word_1_113' title='bbox 672 2425 846 2501; x_wconf 90' lang='lat' dir='ltr'><strong>sapientes.</strong></span> 
     </span>
     <span class='ocr_line' id='line_1_20' title="bbox 27 2520 847 2600; baseline 0.006 -22"><span class='ocrx_word' id='word_1_114' title='bbox 27 2551 38 2578; x_wconf 77' lang='lat' dir='ltr'><strong>t</strong></span> <span class='ocrx_word' id='word_1_115' title='bbox 90 2524 196 2584; x_wconf 83' lang='lat' dir='ltr'><strong>Multa</strong></span> <span class='ocrx_word' id='word_1_116' title='bbox 217 2532 311 2582; x_wconf 85' lang='lat' dir='ltr'><strong>sunt:</strong></span> <span class='ocrx_word' id='word_1_117' title='bbox 340 2539 423 2600; x_wconf 90' lang='lat' dir='ltr'><strong>quae</strong></span> <span class='ocrx_word' id='word_1_118' title='bbox 446 2520 532 2581; x_wconf 84' lang='lat' dir='ltr'><strong>selre</strong></span> <span class='ocrx_word' id='word_1_119' title='bbox 554 2540 667 2598; x_wconf 86' lang='lat' dir='ltr'><strong>parum</strong></span> <span class='ocrx_word' id='word_1_120' title='bbox 690 2524 743 2584; x_wconf 93' lang='lat' dir='ltr'><strong>vel</strong></span> <span class='ocrx_word' id='word_1_121' title='bbox 766 2524 847 2584; x_wconf 94' lang='lat' dir='ltr'><strong>nihil</strong></span> 
     </span>
     <span class='ocr_line' id='line_1_21' title="bbox 12 2619 883 2697; baseline -0.005 -17"><span class='ocrx_word' id='word_1_122' title='bbox 12 2637 14 2644; x_wconf 86' lang='grc'><em>·</em></span> <span class='ocrx_word' id='word_1_123' title='bbox 89 2621 217 2682; x_wconf 85' lang='lat' dir='ltr'><strong>ammae</strong></span> <span class='ocrx_word' id='word_1_124' title='bbox 240 2630 386 2696; x_wconf 92' lang='lat' dir='ltr'><strong>prosunt.</strong></span> <span class='ocrx_word' id='word_1_125' title='bbox 424 2619 462 2680; x_wconf 93' lang='lat' dir='ltr'><strong>Et</strong></span> <span class='ocrx_word' id='word_1_126' title='bbox 484 2621 578 2680; x_wconf 89' lang='lat' dir='ltr'><strong>valde</strong></span> <span class='ocrx_word' id='word_1_127' title='bbox 600 2621 761 2697; x_wconf 88' lang='lat' dir='ltr'><strong>insipiens</strong></span> <span class='ocrx_word' id='word_1_128' title='bbox 784 2632 883 2682; x_wconf 79' lang='lat' dir='ltr'><strong>esttao</strong></span> 
     </span>
     <span class='ocr_line' id='line_1_22' title="bbox 90 2718 847 2796; baseline 0.003 -18"><span class='ocrx_word' id='word_1_129' title='bbox 90 2719 143 2795; x_wconf 92' lang='lat' dir='ltr'><strong>qui</strong></span> <span class='ocrx_word' id='word_1_130' title='bbox 173 2718 339 2794; x_wconf 90' lang='lat' dir='ltr'><strong>aliquibus</strong></span> <span class='ocrx_word' id='word_1_131' title='bbox 368 2718 524 2793; x_wconf 86' lang='lat' dir='ltr'><strong>intendit,</strong></span> <span class='ocrx_word' id='word_1_132' title='bbox 555 2735 651 2794; x_wconf 85' lang='lat' dir='ltr'><strong>quam</strong></span> <span class='ocrx_word' id='word_1_133' title='bbox 681 2719 733 2778; x_wconf 91' lang='lat' dir='ltr'><strong>his</strong></span> <span class='ocrx_word' id='word_1_134' title='bbox 764 2737 847 2796; x_wconf 87' lang='lat' dir='ltr'><strong>quae</strong></span> 
     </span>
     <span class='ocr_line' id='line_1_23' title="bbox 90 2815 846 2877; baseline 0.001 -1"><span class='ocrx_word' id='word_1_135' title='bbox 90 2817 185 2876; x_wconf 85' lang='lat' dir='ltr'><strong>saluti</strong></span> <span class='ocrx_word' id='word_1_136' title='bbox 209 2833 289 2876; x_wconf 88' lang='lat' dir='ltr'><strong>suae</strong></span> <span class='ocrx_word' id='word_1_137' title='bbox 311 2816 512 2877; x_wconf 91' lang='lat' dir='ltr'><strong>deserviunt.</strong></span> <span class='ocrx_word' id='word_1_138' title='bbox 548 2815 653 2876; x_wconf 84' lang='lat' dir='ltr'><strong>Multa</strong></span> <span class='ocrx_word' id='word_1_139' title='bbox 667 2818 767 2876; x_wconf 90' lang='lat' dir='ltr'><strong>verba</strong></span> <span class='ocrx_word' id='word_1_140' title='bbox 782 2835 846 2877; x_wconf 95' lang='lat' dir='ltr'><strong>non</strong></span> 
     </span>
     <span class='ocr_line' id='line_1_24' title="bbox 90 2911 848 2990; baseline 0.001 -16"><span class='ocrx_word' id='word_1_141' title='bbox 90 2914 208 2974; x_wconf 88' lang='lat' dir='ltr'><strong>satiant</strong></span> <span class='ocrx_word' id='word_1_142' title='bbox 230 2913 389 2990; x_wconf 84' lang='lat' dir='ltr'><strong>anImam3</strong></span> <span class='ocrx_word' id='word_1_143' title='bbox 411 2915 468 2974; x_wconf 90' lang='lat' dir='ltr'><strong>sed</strong></span> <span class='ocrx_word' id='word_1_144' title='bbox 491 2915 576 2973; x_wconf 85' lang='lat' dir='ltr'><strong>bona</strong></span> <span class='ocrx_word' id='word_1_145' title='bbox 591 2911 657 2972; x_wconf 88' lang='lat' dir='ltr'><strong>vita</strong></span> <span class='ocrx_word' id='word_1_146' title='bbox 678 2913 848 2990; x_wconf 84' lang='lat' dir='ltr'><strong>refrigerat</strong></span> 
     </span>
     <span class='ocr_line' id='line_1_25' title="bbox 90 3010 846 3088; baseline 0 -16"><span class='ocrx_word' id='word_1_147' title='bbox 90 3022 252 3072; x_wconf 89' lang='lat' dir='ltr'><strong>mentem:</strong></span> <span class='ocrx_word' id='word_1_148' title='bbox 275 3022 307 3072; x_wconf 92' lang='lat' dir='ltr'><strong>et</strong></span> <span class='ocrx_word' id='word_1_149' title='bbox 322 3029 402 3088; x_wconf 84' lang='lat' dir='ltr'><strong>pura</strong></span> <span class='ocrx_word' id='word_1_150' title='bbox 417 3010 629 3085; x_wconf 84' lang='lat' dir='ltr'><strong>conscientia,</strong></span> <span class='ocrx_word' id='word_1_151' title='bbox 643 3028 792 3087; x_wconf 91' lang='lat' dir='ltr'><strong>magnam</strong></span> <span class='ocrx_word' id='word_1_152' title='bbox 808 3013 846 3072; x_wconf 90' lang='lat' dir='ltr'><strong>ad</strong></span> 
     </span>
     <span class='ocr_line' id='line_1_26' title="bbox 91 3108 883 3186; baseline -0.004 -18"><span class='ocrx_word' id='word_1_153' title='bbox 91 3109 198 3169; x_wconf 83' lang='lat' dir='ltr'><strong>Deum</strong></span> <span class='ocrx_word' id='word_1_154' title='bbox 208 3119 353 3186; x_wconf 90' lang='lat' dir='ltr'><strong>praestat</strong></span> <span class='ocrx_word' id='word_1_155' title='bbox 363 3108 603 3170; x_wconf 80' lang='lat' dir='ltr'><strong>confidentiam.</strong></span> <span class='ocrx_word' id='word_1_156' title='bbox 627 3109 757 3186; x_wconf 91' lang='lat' dir='ltr'><strong>Quanto</strong></span> <span class='ocrx_word' id='word_1_157' title='bbox 773 3110 883 3186; x_wconf 79' lang='lat' dir='ltr'><strong>pluszs</strong></span> 
     </span>
     <span class='ocr_line' id='line_1_27' title="bbox 90 3206 847 3284; baseline 0.004 -19"><span class='ocrx_word' id='word_1_158' title='bbox 90 3217 122 3266; x_wconf 91' lang='lat' dir='ltr'><strong>et</strong></span> <span class='ocrx_word' id='word_1_159' title='bbox 137 3207 258 3267; x_wconf 89' lang='lat' dir='ltr'><strong>melius</strong></span> <span class='ocrx_word' id='word_1_160' title='bbox 273 3208 356 3268; x_wconf 88' lang='lat' dir='ltr'><strong>scis:</strong></span> <span class='ocrx_word' id='word_1_161' title='bbox 378 3217 465 3267; x_wconf 89' lang='lat' dir='ltr'><strong>tanto</strong></span> <span class='ocrx_word' id='word_1_162' title='bbox 481 3207 613 3284; x_wconf 86' lang='lat' dir='ltr'><strong>gravius</strong></span> <span class='ocrx_word' id='word_1_163' title='bbox 635 3206 711 3268; x_wconf 85' lang='lat' dir='ltr'><strong>Inde</strong></span> <span class='ocrx_word' id='word_1_164' title='bbox 726 3208 847 3268; x_wconf 90' lang='lat' dir='ltr'><strong>iudica·</strong></span> 
     </span>
     <span class='ocr_line' id='line_1_28' title="bbox 91 3301 847 3382; baseline 0.004 -21"><span class='ocrx_word' id='word_1_165' title='bbox 91 3301 178 3363; x_wconf 89' lang='lat' dir='ltr'><strong>beris</strong></span> <span class='ocrx_word' id='word_1_166' title='bbox 199 3305 264 3365; x_wconf 91' lang='lat' dir='ltr'><strong>nisi</strong></span> <span class='ocrx_word' id='word_1_167' title='bbox 281 3303 426 3365; x_wconf 90' lang='lat' dir='ltr'><strong>sanctius</strong></span> <span class='ocrx_word' id='word_1_168' title='bbox 441 3305 572 3365; x_wconf 75' lang='lat' dir='ltr'><strong>vixeris</strong></span> <span class='ocrx_word' id='word_1_169' title='bbox 603 3305 678 3364; x_wconf 92' lang='lat' dir='ltr'><strong>Noli</strong></span> <span class='ocrx_word' id='word_1_170' title='bbox 701 3323 777 3382; x_wconf 93' lang='lat' dir='ltr'><strong>ergo</strong></span> <span class='ocrx_word' id='word_1_171' title='bbox 794 3323 847 3365; x_wconf 90' lang='lat' dir='ltr'><strong>ex·</strong></span> 
     </span>
     <span class='ocr_line' id='line_1_29' title="bbox 92 3400 847 3479; baseline 0.007 -21"><span class='ocrx_word' id='word_1_172' title='bbox 92 3400 159 3460; x_wconf 92' lang='lat' dir='ltr'><strong>tolli</strong></span> <span class='ocrx_word' id='word_1_173' title='bbox 182 3400 222 3461; x_wconf 88' lang='lat' dir='ltr'><strong>de</strong></span> <span class='ocrx_word' id='word_1_174' title='bbox 245 3402 311 3462; x_wconf 91' lang='lat' dir='ltr'><strong>ulla</strong></span> <span class='ocrx_word' id='word_1_175' title='bbox 332 3412 400 3462; x_wconf 86' lang='lat' dir='ltr'><strong>arte</strong></span> <span class='ocrx_word' id='word_1_176' title='bbox 422 3404 474 3462; x_wconf 88' lang='lat' dir='ltr'><strong>vel</strong></span> <span class='ocrx_word' id='word_1_177' title='bbox 490 3402 643 3463; x_wconf 86' lang='lat' dir='ltr'><strong>scientia:</strong></span> <span class='ocrx_word' id='word_1_178' title='bbox 665 3404 723 3463; x_wconf 92' lang='lat' dir='ltr'><strong>sed</strong></span> <span class='ocrx_word' id='word_1_179' title='bbox 739 3403 847 3479; x_wconf 91' lang='lat' dir='ltr'><strong>potius</strong></span> 
     </span>
    </p>
   </div>
   <div class='ocr_carea' id='block_1_5' title="bbox 94 3496 867 3644">
    <p class='ocr_par' dir='ltr' id='par_1_5' title="bbox 94 3496 867 3644">
     <span class='ocr_line' id='line_1_30' title="bbox 94 3496 847 3560; baseline 0.007 -5"><span class='ocrx_word' id='word_1_180' title='bbox 94 3496 170 3558; x_wconf 87' lang='lat' dir='ltr'><strong>tIme</strong></span> <span class='ocrx_word' id='word_1_181' title='bbox 191 3499 231 3559; x_wconf 90' lang='lat' dir='ltr'><strong>de</strong></span> <span class='ocrx_word' id='word_1_182' title='bbox 254 3499 327 3559; x_wconf 85' lang='lat' dir='ltr'><strong>data</strong></span> <span class='ocrx_word' id='word_1_183' title='bbox 349 3499 405 3559; x_wconf 92' lang='lat' dir='ltr'><strong>tibi</strong></span> <span class='ocrx_word' id='word_1_184' title='bbox 429 3498 552 3560; x_wconf 87' lang='lat' dir='ltr'><strong>notitia.</strong></span> <span class='ocrx_word' id='word_1_185' title='bbox 582 3499 615 3560; x_wconf 87' lang='lat' dir='ltr'><strong>Si</strong></span> <span class='ocrx_word' id='word_1_186' title='bbox 639 3500 695 3560; x_wconf 94' lang='lat' dir='ltr'><strong>tibi</strong></span> <span class='ocrx_word' id='word_1_187' title='bbox 718 3500 847 3560; x_wconf 92' lang='lat' dir='ltr'><strong>videtur</strong></span> 
     </span>
     <span class='ocr_line' id='line_1_31' title="bbox 463 3604 867 3644; baseline 0.005 -32"><span class='ocrx_word' id='word_1_188' title='bbox 463 3604 475 3644; x_wconf 76' lang='lat'><strong>7</strong></span> <span class='ocrx_word' id='word_1_189' title='bbox 864 3609 867 3614; x_wconf 90' lang='lat'><strong>.</strong></span> 
     </span>
    </p>
   </div>
   <div class='ocr_carea' id='block_1_6' title="bbox 0 0 1081 4194">
    <p class='ocr_par' dir='ltr' id='par_1_6' title="bbox 0 0 1081 4194">
     <span class='ocr_line' id='line_1_32' title="bbox 0 0 1081 4194; baseline 0 0"><span class='ocrx_word' id='word_1_190' title='bbox 0 0 1081 4194; x_wconf 95' lang='lat' dir='ltr'><strong> </strong></span> 
     </span>
    </p>
   </div>
  </div>
 </body>
</html>
