2160 4194
305 1030 524 1093 CAPITVLA
548 1032 663 1092 LIBRI
687 1029 929 1109 SEQVENTIS.

245 1307 268 1348 ln
285 1307 366 1360 quibus
382 1308 485 1348 consistit
499 1306 620 1360 dIscipiina
634 1308 761 1350 claustralis
791 1339 796 1350 .
826 1339 830 1349 .
861 1339 865 1348 .
894 1339 898 1346 .
972 1303 978 1343 l

245 1377 278 1419 De
293 1377 390 1419 diversis
405 1379 588 1429 temptationibus
603 1386 624 1420 et
638 1378 729 1419 insidiis
745 1379 826 1420 diaboii
861 1410 865 1420 .
894 1409 898 1418 .
963 1373 979 1414 ll

245 1447 278 1490 De
297 1461 349 1489 vcra
367 1450 514 1490 conversione
533 1448 560 1490 ad
584 1449 655 1490 Deum
678 1450 716 1500 qui
733 1458 767 1490 est
790 1461 900 1490 summum

221 1520 234 1559 5
297 1521 379 1561 bonum
398 1549 901 1561 ...............
955 1514 980 1556 lli

245 1590 278 1631 De
288 1590 427 1632 oboedientia
438 1590 531 1632 humilis
541 1591 625 1632 subditi
641 1602 691 1643 erga
700 1591 822 1642 praelatum
835 1603 899 1632 suum
946 1585 981 1627 iiii

245 1661 278 1703 De
292 1662 394 1703 custodia
408 1662 484 1703 cordis
499 1671 519 1704 et
535 1662 605 1703 reditu
621 1662 648 1703 ad
664 1663 795 1703 interiora.
826 1693 830 1702 .
861 1693 865 1702 .
896 1692 899 1700 .

245 1732 278 1774 De
293 1733 394 1774 custodio
408 1734 455 1772 oris
470 1740 491 1773 et
505 1733 610 1773 exercitio
626 1732 708 1772 laboris

245 1803 278 1844 De
293 1802 508 1844 recommendatione
523 1802 591 1843 ceilae
605 1809 626 1843 et
640 1801 795 1843 solitudinis.
826 1832 830 1841 .
861 1831 865 1842 .
895 1831 899 1841 .

211 1876 235 1917 io
245 1873 278 1914 De
292 1874 361 1914 choro
375 1881 396 1914 et
411 1873 487 1914 divino
502 1872 577 1914 oiflcio
592 1873 717 1925 peragendo
755 1903 901 1914 .....
940 1867 984 1910 Viii

245 1944 278 1986 De
293 1945 427 1986 discretione
442 1946 464 1986 in
479 1945 540 1985 omni
556 1944 668 1997 spirituaii
679 1945 784 1986 exercitio
797 1943 903 1986 servanda
962 1939 986 1980 lii

244 2014 324 2056 Oratio
338 2016 365 2057 de
381 2016 439 2058 ieiici
454 2017 647 2057 consummatione
663 2017 685 2057 in
700 2017 821 2057 virtutibus
864 2046 869 2056 ,
898 2046 903 2055 .
973 2011 988 2052 Χ

246 2086 279 2127 De
293 2089 382 2129 caritate
398 2087 438 2127 Dei
454 2095 475 2128 et
490 2088 585 2139 proximi
601 2095 622 2128 et
636 2087 688 2129 odio
703 2089 833 2129 vitiorum.
864 2119 868 2126 .
899 2117 903 2126 .
963 2082 987 2124 iti

246 2157 279 2198 De
293 2159 426 2199 abstinentia
441 2166 461 2198 et
476 2159 575 2200 castitate
610 2187 902 2200 .........
952 2152 987 2196 xii

211 2228 278 2272 1ch
293 2229 341 2269 utili
358 2230 462 2270 exercitio
478 2231 499 2270 in
515 2231 560 2270 vita
574 2237 595 2271 et
610 2230 716 2282 passione
731 2227 819 2270 Christi
863 2259 902 2270 ..
943 2223 988 2268 xiii

246 2299 278 2340 De
293 2301 502 2340 commemoratione
518 2308 538 2340 et
554 2301 692 2341 invocatione
704 2301 847 2341 beatissimae
862 2300 904 2340 vir·

297 2372 357 2422 ginis
373 2369 455 2412 Mariae
468 2400 902 2412 .............
933 2365 989 2410 xiiii

246 2442 278 2483 Do
293 2441 408 2494 suffragiis
423 2449 550 2482 sanctorum
566 2441 644 2482 sedule
660 2440 761 2494 petendis
791 2471 796 2481 .
827 2471 831 2480 .
863 2471 867 2480 .
899 2471 903 2480 .
959 2435 990 2479 XV

247 2511 279 2553 De
294 2512 407 2553 desiderio
421 2513 507 2553 animae
522 2512 549 2553 nd
564 2512 659 2554 caeleste
674 2524 765 2564 regnum
792 2542 796 2552 .
827 2542 832 2553 .
863 2542 868 2552 .
898 2542 903 2552 .
948 2505 990 2550 XVI
