2142 4194
67 464 820 520 oomemaensmtaoaasomrote

69 599 137 659 Deo
159 601 349 675 inhaerere,
376 607 474 675 atque
496 599 597 660 libere
619 599 681 659 sibi
704 616 820 660 vacare

68 707 249 773 potuerunt.
286 697 357 757 Nos
378 697 515 758 nimium
532 715 730 774 occupamur
748 714 820 774 pro-

67 795 146 870 priis
160 795 385 872 passionibus:
408 805 439 856 et
455 796 495 855 de
509 795 705 878 transitoriis
721 795 820 856 nimis

67 893 289 954 sollicitamur.
334 894 419 952 Raro
447 892 545 953 etiam
574 911 675 954 unum
705 893 818 954 vitium

67 991 209 1065 perfecte
231 991 413 1068 vincimus;
434 1001 465 1052 et
481 993 520 1052 ad
535 991 732 1052 cotidianum
748 1007 843 1068 pro-s

69 1088 186 1150 fectum
209 1106 277 1150 non
298 1091 524 1151 accendimur:
553 1089 627 1150 ideo
657 1089 763 1166 frigidi
789 1099 821 1149 et

67 1188 163 1264 tepidi
198 1205 418 1251 remanemus.
470 1188 504 1249 Si
540 1203 692 1248 essemus
727 1185 821 1246 nobis

68 1285 146 1360 ipsis
166 1285 314 1362 perfecte
334 1286 464 1362 mortui,
485 1295 518 1346 et
532 1284 670 1346 interius
686 1284 821 1345 minime

68 1382 239 1460 implicati;
269 1393 347 1444 tunc
377 1401 552 1460 possemus
583 1382 680 1444 etiam
712 1381 821 1442 divina

39 1543 41 1546 .
68 1497 198 1557 sapere:
221 1490 254 1540 et
269 1482 309 1541 de
325 1482 457 1543 caelesti
476 1480 750 1557 contemplatione
765 1478 821 1539 ali·
832 1496 857 1538 ro

68 1579 144 1654 quid
166 1577 318 1654 experiri.
360 1579 476 1641 Totum
506 1589 538 1640 et
561 1578 737 1639 maximum
763 1577 822 1636 im·

69 1677 290 1751 pedimentum
313 1688 373 1754 est,
395 1678 558 1755 quianon
580 1693 696 1737 sumus
717 1692 822 1751 apas-

67 1773 216 1835 sionibus
248 1785 279 1836 et
310 1774 587 1852 concupiscentiis
617 1772 729 1832 liberi:
761 1788 821 1832 nec

68 1873 245 1947 perfectam
275 1881 461 1934 sanctorum
484 1871 570 1931 viam
598 1887 754 1931 conamur
775 1869 822 1928 in·

67 1971 168 2046 gredi.
212 1970 351 2048 Quando
373 1969 470 2029 etiam
493 1969 657 2029 modicum
680 1965 858 2027 adversi-rs

69 2069 143 2129 tatis
164 2070 317 2144 occurrit,
338 2067 437 2127 nimis
459 2066 523 2142 cito
539 2065 713 2126 deicimur:
737 2074 768 2124 et
783 2065 821 2124 ad

69 2167 227 2228 humanas
250 2164 492 2227 consolationes
514 2162 745 2224 convertimur.
788 2161 821 2221 Si

70 2265 250 2325 niteremur
259 2264 344 2324 sicut
354 2262 415 2323 viri
428 2263 530 2322 fortes
540 2270 626 2321 stare
640 2260 673 2319 in
684 2259 822 2335 proelio:

70 2363 215 2438 profecto
237 2362 393 2423 auxilium
418 2360 549 2422 Domini
573 2374 755 2434 supernos
777 2355 822 2416 vi-

70 2455 223 2519 deremus
239 2459 279 2519 de
295 2460 395 2519 caelo.
421 2459 494 2534 lpse
509 2455 597 2516 enim
613 2463 776 2515 certantes
791 2464 859 2514 etao

70 2556 108 2616 de
130 2573 191 2616 sua
211 2555 313 2633 gratia
341 2564 510 2631 sperantes
538 2562 668 2629 paratus
697 2563 747 2613 est
770 2553 824 2612 ad·

71 2653 197 2714 iuvare:
213 2653 269 2730 qui
281 2652 375 2712 nobis
386 2650 529 2712 certandi
545 2651 736 2711 occasiones
751 2668 823 2726 pro-

71 2761 159 2812 curat
188 2760 223 2810 ut
252 2750 431 2811 vincamus.
474 2748 508 2809 Si
537 2758 660 2810 tantum
691 2749 723 2809 in
751 2749 823 2809 istis

71 2847 287 2909 exterioribus
315 2846 532 2908 observantiis
560 2847 743 2922 profectum
775 2865 824 2907 re·

71 2945 199 3022 ligionis
222 2945 390 3022 ponimus:
413 2945 477 3004 cito
499 2943 598 3004 finem
616 2945 747 3005 habebit
770 2945 859 3004 de-2s

72 3044 156 3105 votio
186 3050 307 3105 nostra.
349 3043 414 3104 Sed
443 3044 481 3103 ad
511 3042 652 3103 radicem
680 3042 822 3102 securim

71 3158 245 3215 ponamus:
267 3149 310 3201 ut
324 3141 449 3217 purgati
472 3158 490 3200 a
508 3140 716 3216 passionibus
739 3139 823 3215 paci-

73 3239 162 3300 ficam
195 3223 338 3300 mentem
373 3239 611 3315 possideamus,
663 3238 696 3298 Si
734 3238 822 3297 omni

72 3354 153 3398 anno
168 3354 271 3397 unum
284 3336 399 3397 vitium
416 3336 666 3412 extirparemus:
683 3336 746 3396 cito
761 3336 822 3396 viri

72 3435 204 3509 perfecti
235 3435 454 3495 efficeremur.
496 3435 560 3496 Sed
583 3435 679 3494 modo
708 3451 861 3494 econ-so

73 3534 166 3593 trario
197 3550 298 3609 saepe
328 3531 507 3608 sentimus;
542 3542 576 3592 ut
607 3533 761 3592 meliores
792 3542 824 3620 et

437 3637 461 3679 ις
686 3634 716 3675 2·
