2138 4196
93 465 358 520 mmm
420 465 489 509 11111
552 465 834 520 &mmm

92 609 157 660 tunc
178 600 305 664 devotio
328 617 364 659 ac
387 598 516 659 divinae
538 599 643 660 laudis
658 599 762 660 extitit
784 615 833 660 re·

91 699 234 774 condano,
257 715 366 759 coram
388 715 462 758 arca
483 696 686 772 testamenti3
714 707 835 774 quanta

91 811 166 856 nunc
196 796 276 856 mihi
313 805 346 856 et
381 795 469 856 omni
505 795 624 872 populo
655 795 833 855 christiano

89 893 225 954 habenda
240 903 292 954 est
305 892 490 954 reverentia
505 901 537 953 et
551 891 680 952 devotio
693 891 727 951 in
742 908 834 968 prae·

89 991 183 1052 sentia
197 991 403 1065 sacramenti,
423 990 456 1050 in
471 989 657 1065 sumptione
672 989 856 1050 excellens
914 971 925 990 ⁰

88 1087 195 1150 tissimi
219 1089 367 1166 corporis
389 1087 543 1150 Christi?

124 1186 267 1248 Currunt
282 1186 375 1247 multi
390 1187 429 1246 ad
445 1186 577 1246 diversa
590 1186 661 1245 loca
677 1202 735 1263 pro
758 1184 834 1244 visi·

88 1285 184 1345 tundis
205 1284 355 1362 reliquiis
383 1293 587 1344 sanctorum:
616 1293 648 1344 et
676 1283 835 1344 mirantur

87 1382 196 1443 auditis
210 1382 314 1460 gestis
330 1399 443 1443 eorum
466 1382 572 1459 ampla
590 1380 738 1442 aedificia
754 1391 834 1443 tem-

87 1482 222 1559 plorum3
237 1481 416 1558 inspiciunt
431 1491 463 1542 et
473 1482 662 1541 osculantur
672 1478 787 1540 sericis
803 1487 835 1538 et
846 1496 871 1537 ro

87 1596 158 1640 auro
173 1581 319 1642 involuta
334 1597 426 1639 sacra
441 1596 516 1639 ossa
530 1580 691 1656 ipsorum:
711 1588 742 1638 et
757 1594 834 1638 ecce

87 1686 117 1737 tu
131 1695 286 1753 praesens
302 1694 338 1737 es
354 1677 407 1736 hic
422 1677 507 1752 apud
522 1694 575 1736 me
590 1677 623 1737 in
638 1676 729 1736 altari
743 1676 834 1735 Deus

87 1791 173 1835 meus
202 1783 336 1834 sanctus
365 1785 551 1835 sanctorum
580 1783 707 1834 creator
731 1773 835 1833 homi·

85 1889 158 1934 num
186 1883 218 1934 et
247 1872 400 1932 dominus
428 1872 627 1949 angelorum.
670 1869 775 1946 Saepe
801 1870 834 1930 in

84 1969 197 2030 talibus
218 1969 369 2030 videndis
391 1969 563 2030 curiositas
591 1977 641 2028 est
665 1968 871 2028 hominumn

85 2077 114 2127 et
134 2068 261 2128 novitas
283 2067 481 2142 invisorum3
503 2076 534 2127 et
557 2068 704 2129 modicus
727 2085 836 2143 repor-

84 2174 164 2226 tatur
185 2165 424 2226 emendationis
448 2163 589 2224 fructus:
619 2165 760 2226 maxime
781 2165 835 2224 ubi

85 2273 131 2323 est
151 2273 216 2323 tam
246 2263 329 2322 levis
351 2263 423 2322 sine
452 2279 530 2323 vera
555 2263 750 2323 contritione
772 2262 836 2322 dis·

84 2376 207 2420 cursus.
238 2359 301 2420 Hic
317 2369 425 2420 autem
447 2359 481 2419 in
500 2370 704 2421 sacramento
726 2360 836 2421 altaris

83 2467 166 2518 totus
188 2474 347 2535 praesens
363 2473 399 2518 es
411 2458 502 2518 Deus
516 2474 610 2518 meus
626 2458 723 2518 homo
740 2457 872 2518 Chri-ao

83 2565 150 2618 stus
182 2557 295 2631 lesus3
326 2555 379 2616 ubi
413 2565 444 2615 et
475 2555 628 2631 copiosus
659 2555 837 2632 percipitur

83 2666 233 2715 aeternae
248 2654 363 2714 salutis
379 2653 521 2713 fructus:
543 2653 837 2731 quotienscumque

84 2752 184 2813 fueris
216 2752 313 2828 digne
343 2767 380 2810 ac
409 2751 525 2810 devote
554 2762 737 2827 susceptus.
786 2749 836 2810 Ad

82 2849 166 2912 istud
188 2866 269 2910 vero
297 2865 363 2908 non
385 2848 483 2908 trahit
511 2848 626 2909 levitas
647 2848 755 2926 aliqua
776 2865 836 2908 nec

82 2947 254 3008 curiositas
269 2955 324 3006 aut
338 2945 550 3006 sensualitas:
572 2946 630 3006 sed
649 2946 741 3006 firma
756 2946 874 3007 fidesas

83 3046 198 3106 devota
220 3061 297 3120 spes
320 3052 351 3104 et
372 3044 503 3104 sincera
524 3044 649 3105 caritas.

119 3141 339 3204 Oinvisibilis
350 3142 498 3202 eonditor
508 3141 619 3202 mundi
629 3142 730 3217 Deus,
741 3159 836 3219 quam

83 3240 274 3302 mirabiliter
288 3239 356 3316 agis
371 3239 560 3315 nobiscum;
582 3255 678 3316 quam
694 3239 838 3300 suaviter

83 3349 113 3399 et
146 3338 291 3415 gratiose
322 3354 395 3397 cum
429 3337 543 3397 electis
573 3336 639 3397 tuis
674 3336 837 3413 disponis:

83 3437 200 3513 quibus
211 3433 429 3511 temetipsum
445 3434 479 3494 in
489 3444 692 3495 sacramento
707 3451 874 3496 sumen-ao

84 3535 157 3594 dum
179 3532 348 3611 proponis,
384 3532 455 3592 Hoc
478 3549 619 3610 namque
638 3549 768 3592 omnem
791 3532 838 3590 in-

448 3637 476 3679 ss
