2160 4194
106 462 867 518 mmmmm

110 597 213 658 Disce
242 597 378 658 iormam
401 595 567 673 vitamque
591 597 683 672 lesu,
714 595 747 656 in
777 595 864 657 omni

109 694 293 756 humilitate
315 704 347 756 et
372 694 579 774 simplicitate
601 694 709 755 cordis
737 693 866 754 imitari.

109 791 204 852 Tolle
225 809 356 869 quoque
385 791 504 853 cotidie
527 809 658 852 crucem
687 801 774 852 tuam
797 791 866 851 vin·

110 890 217 950 cendo
245 889 394 951 deiectus
422 901 513 952 tuos:
542 908 579 951 ac
600 890 867 967 temptationibus

109 987 251 1048 viriliter
265 988 458 1049 resistendo.
482 988 565 1049 Nam
582 1004 718 1064 corpore
733 988 890 1064 reiectos

109 1102 188 1146 caro
198 1086 272 1161 plus
282 1094 432 1162 temptat:
447 1085 521 1147 ideo
533 1086 697 1147 laboribus
708 1096 740 1147 et
750 1086 867 1146 studiis

110 1193 166 1244 est
186 1184 382 1245 refrenanda
404 1184 540 1245 diurnis.
576 1183 610 1245 Si
632 1184 781 1261 graviora
802 1201 867 1244 non

110 1291 206 1359 potes
217 1298 329 1358 agere:
346 1281 395 1342 iac
406 1281 623 1343 libentissime
634 1298 741 1357 parva.
766 1281 868 1341 Num·

109 1397 210 1457 quam
225 1379 291 1440 otio
306 1396 414 1455 vaces,
430 1395 538 1457 neque
555 1379 673 1439 fabulis
684 1379 867 1439 delecteris.

110 1477 306 1539 Custodiam
317 1477 385 1554 tibi,
401 1488 433 1539 et
442 1478 564 1538 bonum
576 1478 760 1553 exemplum
778 1477 866 1538 fratri
879 1494 904 1538 ιο

2 1591 5 1616 ’
109 1574 269 1636 exhibere
291 1574 426 1636 teneris.

140 1771 198 1831 DE
220 1769 530 1834 BENEPLACITO
554 1772 626 1832 DEI
650 1769 702 1831 ET
725 1770 834 1833 CON-

236 1868 441 1932 FlDENTIA
464 1869 508 1929 IN
532 1868 747 1931 ADVERSIS

379 1965 605 2028 HABENDA.

343 2121 549 2173 CAPITVLVM
567 2122 638 2175 V111.
880 2137 904 2179 15

110 2201 255 2423 {fflN
272 2259 360 2320 omni
383 2259 532 2337 igiturne
550 2260 698 2320 iacienda
712 2259 801 2321 intus
815 2261 867 2320 vel

247 2356 337 2432 ioris,
359 2357 598 2434 beneplacitum
616 2358 676 2418 Dei
699 2359 869 2436 perquire:

112 2465 148 2517 et
168 2455 240 2516 eius
262 2456 421 2515 honorem
437 2454 593 2515 maiorem
609 2455 762 2516 omnibus
785 2455 869 2516 utili·

112 2553 234 2615 tatibus
262 2553 328 2615 tuis
357 2568 531 2629 praepone.
577 2553 663 2612 Dum
692 2551 785 2613 triste
813 2552 869 2613 ali·

113 2651 192 2729 quid
215 2652 455 2728 adversumque
476 2651 671 2711 occurrerit:
693 2667 735 2711 ne
750 2668 905 2727 paveasao

114 2749 288 2825 repentino
303 2748 436 2824 timore;
450 2747 509 2808 sed
524 2748 564 2808 ad
575 2748 752 2809 Dominum
764 2748 869 2809 humi·

114 2847 190 2908 liter
211 2847 368 2924 coniuge:
391 2846 445 2924 qui
468 2863 534 2907 non
556 2846 678 2908 deserit
699 2856 869 2923 sperantes

114 2946 150 3006 in
179 2961 226 3005 se.
269 2944 352 3005 Nam
378 2933 484 3006 de'se
506 2955 755 3021 praesumentes
778 2947 869 3006 Deus

115 3042 281 3103 humiliat:
304 3053 336 3104 et
350 3042 520 3103 confundit
539 3042 573 3104 in
589 3060 648 3103 sua
662 3044 780 3104 astutia
794 3062 869 3105 con·

116 3141 265 3203 fidentes.
308 3141 435 3203 Omnes
464 3141 560 3202 electi
588 3141 736 3202 adversis
757 3142 906 3208 multiszs

115 3239 240 3316 probati
263 3249 349 3315 sunt,
371 3249 403 3300 et
424 3240 543 3301 cotidie
565 3242 758 3317 probantur;
780 3241 869 3302 utin

115 3336 253 3399 veritate
270 3336 441 3413 humiliati,
456 3347 488 3398 et
498 3338 623 3416 purgati
637 3338 671 3399 in
687 3340 869 3416 praesenti:

115 3435 150 3496 in
174 3435 282 3496 futuro
303 3436 479 3512 gloriosius
501 3438 693 3498 exaltentur.
729 3435 869 3514 Quando

115 3532 150 3594 in
165 3532 274 3610 aliquo
289 3533 422 3594 excedis
436 3551 502 3594 non
523 3535 671 3597 concidat
686 3553 743 3597 cor
762 3545 870 3599 tuum:

473 3638 514 3682 ars
