<?xml version="1.0" encoding="UTF-8"?>
<!DOCTYPE html PUBLIC "-//W3C//DTD XHTML 1.0 Transitional//EN"
    "http://www.w3.org/TR/xhtml1/DTD/xhtml1-transitional.dtd">
<html xmlns="http://www.w3.org/1999/xhtml" xml:lang="en" lang="en">
 <head>
  <title>
</title>
<meta http-equiv="Content-Type" content="text/html;charset=utf-8" />
  <meta name='ocr-system' content='tesseract 3.04.00' />
  <meta name='ocr-capabilities' content='ocr_page ocr_carea ocr_par ocr_line ocrx_word'/>
</head>
<body>
  <div class='ocr_page' id='page_1' title='image "./thomaehemerkena03pohlgoog_0433.png"; bbox 0 0 2178 4186; ppageno 0'>
   <div class='ocr_carea' id='block_1_1' title="bbox 231 471 991 530">
    <p class='ocr_par' dir='ltr' id='par_1_1' title="bbox 231 471 991 530">
     <span class='ocr_line' id='line_1_1' title="bbox 231 471 991 530; baseline 0.007 -14"><span class='ocrx_word' id='word_1_1' title='bbox 231 474 272 525; x_wconf 46' lang='grc' dir='ltr'><strong>θ’</strong></span> <span class='ocrx_word' id='word_1_2' title='bbox 282 471 388 516; x_wconf 83' lang='lat' dir='ltr'>BREVIS</span> <span class='ocrx_word' id='word_1_3' title='bbox 398 473 576 517; x_wconf 78' lang='lat' dir='ltr'>ADMONITIO</span> <span class='ocrx_word' id='word_1_4' title='bbox 589 473 771 519; x_wconf 74' lang='lat' dir='ltr'><strong>srlnlrvntts</strong></span> <span class='ocrx_word' id='word_1_5' title='bbox 785 475 939 520; x_wconf 70' lang='lat' dir='ltr'><strong>exerenti</strong></span> <span class='ocrx_word' id='word_1_6' title='bbox 949 479 991 530; x_wconf 59' lang='grc' dir='ltr'><strong>ζῆ.)</strong></span> 
     </span>
    </p>
   </div>
   <div class='ocr_carea' id='block_1_2' title="bbox 208 608 991 1080">
    <p class='ocr_par' dir='ltr' id='par_1_2' title="bbox 208 608 991 1080">
     <span class='ocr_line' id='line_1_2' title="bbox 231 608 991 688; baseline 0.001 -17"><span class='ocrx_word' id='word_1_7' title='bbox 231 611 319 688; x_wconf 86' lang='lat' dir='ltr'><strong>fugat</strong></span> <span class='ocrx_word' id='word_1_8' title='bbox 334 608 537 685; x_wconf 86' lang='lat' dir='ltr'><strong>daemonem,</strong></span> <span class='ocrx_word' id='word_1_9' title='bbox 559 609 661 670; x_wconf 85' lang='lat' dir='ltr'><strong>oratio</strong></span> <span class='ocrx_word' id='word_1_10' title='bbox 683 609 785 671; x_wconf 92' lang='lat' dir='ltr'><strong>vincit</strong></span> <span class='ocrx_word' id='word_1_11' title='bbox 805 611 991 686; x_wconf 85' lang='lat' dir='ltr'><strong>temptatio-</strong></span> 
     </span>
     <span class='ocr_line' id='line_1_3' title="bbox 230 707 990 784; baseline 0.003 -16"><span class='ocrx_word' id='word_1_12' title='bbox 230 725 316 769; x_wconf 85' lang='lat' dir='ltr'>nem.</span> <span class='ocrx_word' id='word_1_13' title='bbox 346 708 420 768; x_wconf 91' lang='lat' dir='ltr'><strong>Non</strong></span> <span class='ocrx_word' id='word_1_14' title='bbox 442 707 549 784; x_wconf 85' lang='lat' dir='ltr'><strong>pigeat</strong></span> <span class='ocrx_word' id='word_1_15' title='bbox 563 717 596 767; x_wconf 88' lang='lat' dir='ltr'><strong>te</strong></span> <span class='ocrx_word' id='word_1_16' title='bbox 610 725 720 768; x_wconf 89' lang='lat' dir='ltr'><strong>orare:</strong></span> <span class='ocrx_word' id='word_1_17' title='bbox 742 708 770 768; x_wconf 87' lang='lat' dir='ltr'><strong>si</strong></span> <span class='ocrx_word' id='word_1_18' title='bbox 792 708 844 769; x_wconf 91' lang='lat' dir='ltr'><strong>vis</strong></span> <span class='ocrx_word' id='word_1_19' title='bbox 865 709 990 770; x_wconf 87' lang='lat' dir='ltr'><strong>avitiis</strong></span> 
     </span>
     <span class='ocr_line' id='line_1_4' title="bbox 230 805 991 882; baseline 0.003 -16"><span class='ocrx_word' id='word_1_20' title='bbox 230 805 370 866; x_wconf 86' lang='lat' dir='ltr'><strong>liberari.</strong></span> <span class='ocrx_word' id='word_1_21' title='bbox 420 805 533 867; x_wconf 82' lang='lat' dir='ltr'><strong>Oratio</strong></span> <span class='ocrx_word' id='word_1_22' title='bbox 562 823 694 882; x_wconf 87' lang='lat' dir='ltr'>semper</span> <span class='ocrx_word' id='word_1_23' title='bbox 721 816 772 867; x_wconf 90' lang='lat' dir='ltr'><strong>est</strong></span> <span class='ocrx_word' id='word_1_24' title='bbox 799 808 991 868; x_wconf 85' lang='lat' dir='ltr'><strong>necessaria</strong></span> 
     </span>
     <span class='ocr_line' id='line_1_5' title="bbox 231 903 990 981; baseline 0.003 -18"><span class='ocrx_word' id='word_1_25' title='bbox 231 903 315 964; x_wconf 84' lang='lat' dir='ltr'><strong>sicut</strong></span> <span class='ocrx_word' id='word_1_26' title='bbox 337 913 370 964; x_wconf 89' lang='lat' dir='ltr'><strong>et</strong></span> <span class='ocrx_word' id='word_1_27' title='bbox 390 903 506 981; x_wconf 88' lang='lat' dir='ltr'><strong>gratia:</strong></span> <span class='ocrx_word' id='word_1_28' title='bbox 529 903 601 964; x_wconf 90' lang='lat' dir='ltr'><strong>siue</strong></span> <span class='ocrx_word' id='word_1_29' title='bbox 623 921 687 981; x_wconf 85' lang='lat' dir='ltr'><strong>qua</strong></span> <span class='ocrx_word' id='word_1_30' title='bbox 702 903 815 964; x_wconf 88' lang='lat' dir='ltr'><strong>vivere</strong></span> <span class='ocrx_word' id='word_1_31' title='bbox 837 904 990 980; x_wconf 83' lang='lat' dir='ltr'><strong>spiritua·</strong></span> 
     </span>
     <span class='ocr_line' id='line_1_6' title="bbox 208 1000 989 1080; baseline 0.009 -23"><span class='ocrx_word' id='word_1_32' title='bbox 208 1001 305 1060; x_wconf 83' lang='lat' dir='ltr'><strong>sliter</strong></span> <span class='ocrx_word' id='word_1_33' title='bbox 326 1017 391 1060; x_wconf 91' lang='lat' dir='ltr'><strong>non</strong></span> <span class='ocrx_word' id='word_1_34' title='bbox 411 1018 598 1076; x_wconf 88' lang='lat' dir='ltr'><strong>possumus.</strong></span> <span class='ocrx_word' id='word_1_35' title='bbox 628 1000 731 1062; x_wconf 88' lang='lat' dir='ltr'><strong>Orare</strong></span> <span class='ocrx_word' id='word_1_36' title='bbox 754 1000 913 1063; x_wconf 91' lang='lat' dir='ltr'><strong>debemus</strong></span> <span class='ocrx_word' id='word_1_37' title='bbox 928 1021 989 1080; x_wconf 92' lang='lat' dir='ltr'><strong>pro</strong></span> 
     </span>
    </p>
   </div>
   <div class='ocr_carea' id='block_1_3' title="bbox 168 1097 990 1373">
    <p class='ocr_par' dir='ltr' id='par_1_3' title="bbox 168 1097 990 1373">
     <span class='ocr_line' id='line_1_7' title="bbox 230 1097 990 1175; baseline 0.005 -17"><span class='ocrx_word' id='word_1_38' title='bbox 230 1098 347 1175; x_wconf 88' lang='lat' dir='ltr'><strong>gratia:</strong></span> <span class='ocrx_word' id='word_1_39' title='bbox 379 1097 455 1174; x_wconf 88' lang='lat' dir='ltr'><strong>quia</strong></span> <span class='ocrx_word' id='word_1_40' title='bbox 481 1098 583 1174; x_wconf 83' lang='lat' dir='ltr'><strong>gratia</strong></span> <span class='ocrx_word' id='word_1_41' title='bbox 613 1107 664 1158; x_wconf 90' lang='lat' dir='ltr'><strong>est</strong></span> <span class='ocrx_word' id='word_1_42' title='bbox 692 1116 756 1175; x_wconf 89' lang='lat' dir='ltr'><strong>qua</strong></span> <span class='ocrx_word' id='word_1_43' title='bbox 783 1109 908 1161; x_wconf 89' lang='lat' dir='ltr'><strong>tantum</strong></span> <span class='ocrx_word' id='word_1_44' title='bbox 941 1102 990 1162; x_wconf 93' lang='lat' dir='ltr'><strong>in-</strong></span> 
     </span>
     <span class='ocr_line' id='line_1_8' title="bbox 168 1175 989 1275; baseline 0.004 -19"><span class='ocrx_word' id='word_1_45' title='bbox 168 1175 196 1240; x_wconf 67' lang='lat' dir='ltr'><strong>ts</strong></span> <span class='ocrx_word' id='word_1_46' title='bbox 231 1197 389 1273; x_wconf 90' lang='lat' dir='ltr'><strong>digemus.</strong></span> <span class='ocrx_word' id='word_1_47' title='bbox 426 1195 548 1256; x_wconf 84' lang='lat' dir='ltr'><strong>Melius</strong></span> <span class='ocrx_word' id='word_1_48' title='bbox 570 1205 621 1257; x_wconf 89' lang='lat' dir='ltr'><strong>est</strong></span> <span class='ocrx_word' id='word_1_49' title='bbox 635 1214 728 1257; x_wconf 84' lang='lat' dir='ltr'><strong>orare</strong></span> <span class='ocrx_word' id='word_1_50' title='bbox 744 1214 840 1274; x_wconf 85' lang='lat' dir='ltr'><strong>quarn</strong></span> <span class='ocrx_word' id='word_1_51' title='bbox 863 1198 989 1275; x_wconf 88' lang='lat' dir='ltr'><strong>legere:</strong></span> 
     </span>
     <span class='ocr_line' id='line_1_9' title="bbox 231 1294 989 1373; baseline 0.005 -20"><span class='ocrx_word' id='word_1_52' title='bbox 231 1294 310 1354; x_wconf 91' lang='lat' dir='ltr'><strong>etin</strong></span> <span class='ocrx_word' id='word_1_53' title='bbox 326 1303 473 1370; x_wconf 87' lang='lat' dir='ltr'><strong>tempore</strong></span> <span class='ocrx_word' id='word_1_54' title='bbox 488 1310 548 1353; x_wconf 91' lang='lat' dir='ltr'><strong>suo</strong></span> <span class='ocrx_word' id='word_1_55' title='bbox 564 1303 739 1371; x_wconf 88' lang='lat' dir='ltr'><strong>utrumque</strong></span> <span class='ocrx_word' id='word_1_56' title='bbox 755 1305 805 1356; x_wconf 86' lang='lat' dir='ltr'><strong>est</strong></span> <span class='ocrx_word' id='word_1_57' title='bbox 815 1296 989 1373; x_wconf 82' lang='lat' dir='ltr'><strong>agendum.</strong></span> 
     </span>
    </p>
   </div>
   <div class='ocr_carea' id='block_1_4' title="bbox 454 1523 764 1587">
    <p class='ocr_par' dir='ltr' id='par_1_4' title="bbox 454 1523 764 1587">
     <span class='ocr_line' id='line_1_10' title="bbox 454 1523 764 1587; baseline 0.003 -3"><span class='ocrx_word' id='word_1_58' title='bbox 454 1525 510 1584; x_wconf 88' lang='lat' dir='ltr'><strong>DE</strong></span> <span class='ocrx_word' id='word_1_59' title='bbox 534 1523 764 1587; x_wconf 87' lang='lat' dir='ltr'>LECTIONE.</span> 
     </span>
    </p>
   </div>
   <div class='ocr_carea' id='block_1_5' title="bbox 197 1617 1079 1852">
    <p class='ocr_par' dir='ltr' id='par_1_5' title="bbox 197 1617 1079 1852">
     <span class='ocr_line' id='line_1_11' title="bbox 197 1617 1079 1836; baseline 0.009 -104"><span class='ocrx_word' id='word_1_60' title='bbox 197 1692 221 1732; x_wconf 84' lang='lat' dir='ltr'><strong>ro</strong></span> <span class='ocrx_word' id='word_1_61' title='bbox 231 1617 421 1836; x_wconf 38' lang='lat' dir='ltr'><strong>Qec&amp;</strong></span> <span class='ocrx_word' id='word_1_62' title='bbox 432 1677 528 1738; x_wconf 85' lang='lat' dir='ltr'><strong>debet</strong></span> <span class='ocrx_word' id='word_1_63' title='bbox 539 1693 613 1738; x_wconf 85' lang='lat' dir='ltr'><strong>esse</strong></span> <span class='ocrx_word' id='word_1_64' title='bbox 625 1676 718 1754; x_wconf 83' lang='lat' dir='ltr'><strong>quasi</strong></span> <span class='ocrx_word' id='word_1_65' title='bbox 729 1676 889 1739; x_wconf 88' lang='lat' dir='ltr'><strong>oratio:et</strong></span> <span class='ocrx_word' id='word_1_66' title='bbox 899 1688 989 1740; x_wconf 87' lang='lat' dir='ltr'><strong>ante·</strong></span> <span class='ocrx_word' id='word_1_67' title='bbox 1075 1723 1079 1756; x_wconf 64' lang='lat' dir='ltr'><strong>r</strong></span> 
     </span>
     <span class='ocr_line' id='line_1_12' title="bbox 356 1774 988 1852; baseline 0.009 -19"><span class='ocrx_word' id='word_1_68' title='bbox 356 1791 452 1852; x_wconf 87' lang='lat' dir='ltr'><strong>quam</strong></span> <span class='ocrx_word' id='word_1_69' title='bbox 464 1774 546 1850; x_wconf 89' lang='lat' dir='ltr'><strong>legis</strong></span> <span class='ocrx_word' id='word_1_70' title='bbox 556 1776 728 1852; x_wconf 83' lang='lat' dir='ltr'><strong>praecedat</strong></span> <span class='ocrx_word' id='word_1_71' title='bbox 738 1775 850 1836; x_wconf 90' lang='lat' dir='ltr'><strong>oratio.</strong></span> <span class='ocrx_word' id='word_1_72' title='bbox 876 1779 988 1839; x_wconf 90' lang='lat' dir='ltr'><strong>Lectio</strong></span> 
     </span>
    </p>
   </div>
   <div class='ocr_carea' id='block_1_6' title="bbox 197 1871 991 2437">
    <p class='ocr_par' dir='ltr' id='par_1_6' title="bbox 197 1871 991 2437">
     <span class='ocr_line' id='line_1_13' title="bbox 231 1871 990 1949; baseline 0.008 -19"><span class='ocrx_word' id='word_1_73' title='bbox 231 1889 323 1931; x_wconf 88' lang='lat' dir='ltr'><strong>sacra</strong></span> <span class='ocrx_word' id='word_1_74' title='bbox 344 1871 558 1949; x_wconf 84' lang='lat' dir='ltr'><strong>ignorantiam</strong></span> <span class='ocrx_word' id='word_1_75' title='bbox 581 1882 724 1934; x_wconf 84' lang='lat' dir='ltr'><strong>nostram</strong></span> <span class='ocrx_word' id='word_1_76' title='bbox 745 1873 868 1935; x_wconf 92' lang='lat' dir='ltr'><strong>erudit:</strong></span> <span class='ocrx_word' id='word_1_77' title='bbox 891 1875 990 1936; x_wconf 89' lang='lat' dir='ltr'><strong>dubia</strong></span> 
     </span>
     <span class='ocr_line' id='line_1_14' title="bbox 230 1969 989 2048; baseline 0.008 -20"><span class='ocrx_word' id='word_1_78' title='bbox 230 1969 337 2045; x_wconf 85' lang='lat' dir='ltr'><strong>solvit,</strong></span> <span class='ocrx_word' id='word_1_79' title='bbox 361 1986 491 2030; x_wconf 91' lang='lat' dir='ltr'><strong>errores</strong></span> <span class='ocrx_word' id='word_1_80' title='bbox 513 1971 660 2048; x_wconf 85' lang='lat' dir='ltr'>corrigit,</span> <span class='ocrx_word' id='word_1_81' title='bbox 682 1972 786 2032; x_wconf 89' lang='lat' dir='ltr'><strong>bonos</strong></span> <span class='ocrx_word' id='word_1_82' title='bbox 807 1989 919 2034; x_wconf 84' lang='lat' dir='ltr'><strong>mores</strong></span> <span class='ocrx_word' id='word_1_83' title='bbox 941 1973 989 2034; x_wconf 92' lang='lat' dir='ltr'><strong>in·</strong></span> 
     </span>
     <span class='ocr_line' id='line_1_15' title="bbox 230 2067 990 2145; baseline 0.005 -18"><span class='ocrx_word' id='word_1_84' title='bbox 230 2067 342 2144; x_wconf 85' lang='lat' dir='ltr'><strong>struit;</strong></span> <span class='ocrx_word' id='word_1_85' title='bbox 365 2067 441 2128; x_wconf 88' lang='lat' dir='ltr'><strong>iacit</strong></span> <span class='ocrx_word' id='word_1_86' title='bbox 462 2084 661 2145; x_wconf 87' lang='lat' dir='ltr'><strong>cognoscere</strong></span> <span class='ocrx_word' id='word_1_87' title='bbox 676 2069 764 2145; x_wconf 90' lang='lat' dir='ltr'><strong>vitia,</strong></span> <span class='ocrx_word' id='word_1_88' title='bbox 785 2071 935 2130; x_wconf 81' lang='lat' dir='ltr'><strong>hortatur</strong></span> <span class='ocrx_word' id='word_1_89' title='bbox 949 2072 990 2131; x_wconf 90' lang='lat' dir='ltr'><strong>ad</strong></span> 
     </span>
     <span class='ocr_line' id='line_1_16' title="bbox 197 2165 991 2242; baseline 0.006 -18"><span class='ocrx_word' id='word_1_90' title='bbox 197 2184 221 2224; x_wconf 74' lang='grc' dir='ltr'><strong>ιε</strong></span> <span class='ocrx_word' id='word_1_91' title='bbox 230 2165 378 2242; x_wconf 86' lang='lat' dir='ltr'><strong>virtutes,</strong></span> <span class='ocrx_word' id='word_1_92' title='bbox 394 2165 511 2228; x_wconf 83' lang='lat' dir='ltr'><strong>excitat</strong></span> <span class='ocrx_word' id='word_1_93' title='bbox 526 2167 564 2227; x_wconf 90' lang='lat' dir='ltr'><strong>ad</strong></span> <span class='ocrx_word' id='word_1_94' title='bbox 580 2167 753 2242; x_wconf 83' lang='lat' dir='ltr'><strong>fervorem,</strong></span> <span class='ocrx_word' id='word_1_95' title='bbox 768 2166 884 2228; x_wconf 89' lang='lat' dir='ltr'><strong>incutit</strong></span> <span class='ocrx_word' id='word_1_96' title='bbox 895 2168 991 2229; x_wconf 89' lang='lat' dir='ltr'><strong>timo-</strong></span> 
     </span>
     <span class='ocr_line' id='line_1_17' title="bbox 231 2263 991 2340; baseline 0.003 -16"><span class='ocrx_word' id='word_1_97' title='bbox 231 2280 316 2324; x_wconf 88' lang='lat' dir='ltr'><strong>rem:</strong></span> <span class='ocrx_word' id='word_1_98' title='bbox 339 2263 498 2340; x_wconf 89' lang='lat' dir='ltr'><strong>recolligit</strong></span> <span class='ocrx_word' id='word_1_99' title='bbox 519 2272 673 2340; x_wconf 88' lang='lat' dir='ltr'><strong>mentem,</strong></span> <span class='ocrx_word' id='word_1_100' title='bbox 695 2272 820 2324; x_wconf 85' lang='lat' dir='ltr'><strong>recreat</strong></span> <span class='ocrx_word' id='word_1_101' title='bbox 843 2263 991 2326; x_wconf 82' lang='lat' dir='ltr'><strong>fastidio·</strong></span> 
     </span>
     <span class='ocr_line' id='line_1_18' title="bbox 230 2360 990 2437; baseline 0.004 -16"><span class='ocrx_word' id='word_1_102' title='bbox 230 2377 303 2421; x_wconf 92' lang='lat' dir='ltr'><strong>sum</strong></span> <span class='ocrx_word' id='word_1_103' title='bbox 319 2361 474 2421; x_wconf 85' lang='lat' dir='ltr'><strong>animum.</strong></span> <span class='ocrx_word' id='word_1_104' title='bbox 499 2360 538 2420; x_wconf 89' lang='lat' dir='ltr'><strong>Et</strong></span> <span class='ocrx_word' id='word_1_105' title='bbox 552 2360 628 2437; x_wconf 90' lang='lat' dir='ltr'><strong>quia</strong></span> <span class='ocrx_word' id='word_1_106' title='bbox 642 2377 707 2421; x_wconf 91' lang='lat' dir='ltr'><strong>non</strong></span> <span class='ocrx_word' id='word_1_107' title='bbox 723 2370 816 2437; x_wconf 89' lang='lat' dir='ltr'><strong>potes</strong></span> <span class='ocrx_word' id='word_1_108' title='bbox 832 2363 990 2425; x_wconf 88' lang='lat' dir='ltr'><strong>continue</strong></span> 
     </span>
    </p>
   </div>
   <div class='ocr_carea' id='block_1_7' title="bbox 230 2458 1079 2536">
    <p class='ocr_par' dir='ltr' id='par_1_7' title="bbox 230 2458 1079 2536">
     <span class='ocr_line' id='line_1_19' title="bbox 230 2458 1079 2536; baseline 0.002 -18"><span class='ocrx_word' id='word_1_109' title='bbox 230 2476 323 2518; x_wconf 83' lang='lat' dir='ltr'><strong>orare</strong></span> <span class='ocrx_word' id='word_1_110' title='bbox 345 2459 398 2518; x_wconf 87' lang='lat' dir='ltr'><strong>vel</strong></span> <span class='ocrx_word' id='word_1_111' title='bbox 419 2458 545 2535; x_wconf 87' lang='lat' dir='ltr'><strong>legere:</strong></span> <span class='ocrx_word' id='word_1_112' title='bbox 567 2458 668 2518; x_wconf 86' lang='lat' dir='ltr'><strong>debes</strong></span> <span class='ocrx_word' id='word_1_113' title='bbox 690 2458 811 2536; x_wconf 89' lang='lat' dir='ltr'><strong>aliquid</strong></span> <span class='ocrx_word' id='word_1_114' title='bbox 831 2460 912 2521; x_wconf 88' lang='lat' dir='ltr'><strong>utile</strong></span> <span class='ocrx_word' id='word_1_115' title='bbox 935 2479 991 2522; x_wconf 87' lang='lat' dir='ltr'><strong>ex·</strong></span> <span class='ocrx_word' id='word_1_116' title='bbox 1078 2463 1079 2492; x_wconf 59' lang='lat'>³</span> 
     </span>
    </p>
   </div>
   <div class='ocr_carea' id='block_1_8' title="bbox 193 2556 989 2813">
    <p class='ocr_par' dir='ltr' id='par_1_8' title="bbox 193 2556 989 2813">
     <span class='ocr_line' id='line_1_20' title="bbox 230 2556 989 2634; baseline 0.004 -16"><span class='ocrx_word' id='word_1_117' title='bbox 230 2556 333 2618; x_wconf 89' lang='lat' dir='ltr'><strong>terius</strong></span> <span class='ocrx_word' id='word_1_118' title='bbox 354 2556 492 2633; x_wconf 84' lang='lat' dir='ltr'><strong>operari.</strong></span> <span class='ocrx_word' id='word_1_119' title='bbox 530 2556 566 2616; x_wconf 90' lang='lat' dir='ltr'><strong>in</strong></span> <span class='ocrx_word' id='word_1_120' title='bbox 589 2573 652 2633; x_wconf 84' lang='lat' dir='ltr'><strong>qua</strong></span> <span class='ocrx_word' id='word_1_121' title='bbox 673 2556 862 2634; x_wconf 85' lang='lat' dir='ltr'><strong>operatione</strong></span> <span class='ocrx_word' id='word_1_122' title='bbox 885 2559 989 2621; x_wconf 87' lang='lat' dir='ltr'><strong>oratio</strong></span> 
     </span>
     <span class='ocr_line' id='line_1_21' title="bbox 193 2655 988 2730; baseline 0.006 -14"><span class='ocrx_word' id='word_1_123' title='bbox 193 2663 360 2730; x_wconf 80' lang='lat' dir='ltr'><strong>zopraeeat</strong></span> <span class='ocrx_word' id='word_1_124' title='bbox 389 2655 490 2716; x_wconf 89' lang='lat' dir='ltr'><strong>oratio</strong></span> <span class='ocrx_word' id='word_1_125' title='bbox 519 2655 729 2717; x_wconf 85' lang='lat' dir='ltr'><strong>intercurrat:</strong></span> <span class='ocrx_word' id='word_1_126' title='bbox 758 2657 861 2718; x_wconf 84' lang='lat' dir='ltr'><strong>oratio</strong></span> <span class='ocrx_word' id='word_1_127' title='bbox 884 2668 988 2720; x_wconf 89' lang='lat' dir='ltr'><strong>totum</strong></span> 
     </span>
     <span class='ocr_line' id='line_1_22' title="bbox 231 2751 330 2813; baseline 0 0"><span class='ocrx_word' id='word_1_128' title='bbox 231 2751 330 2813; x_wconf 86' lang='lat' dir='ltr'><strong>finiat.</strong></span> 
     </span>
    </p>
   </div>
   <div class='ocr_carea' id='block_1_9' title="bbox 423 2876 796 2940">
    <p class='ocr_par' dir='ltr' id='par_1_9' title="bbox 423 2876 796 2940">
     <span class='ocr_line' id='line_1_23' title="bbox 423 2876 796 2940; baseline 0.003 -4"><span class='ocrx_word' id='word_1_129' title='bbox 423 2877 480 2936; x_wconf 90' lang='lat' dir='ltr'><strong>DE</strong></span> <span class='ocrx_word' id='word_1_130' title='bbox 503 2876 796 2940; x_wconf 74' lang='lat' dir='ltr'><strong>OPERATIONE.</strong></span> 
     </span>
    </p>
   </div>
   <div class='ocr_carea' id='block_1_10' title="bbox 229 2990 990 3220">
    <p class='ocr_par' dir='ltr' id='par_1_10' title="bbox 229 2990 990 3220">
     <span class='ocr_line' id='line_1_24' title="bbox 229 2990 990 3208; baseline 0.004 -102"><span class='ocrx_word' id='word_1_131' title='bbox 229 2990 459 3208; x_wconf 50' lang='lat' dir='ltr'><strong>Qperari</strong></span> <span class='ocrx_word' id='word_1_132' title='bbox 475 3047 626 3108; x_wconf 87' lang='lat' dir='ltr'><strong>manibus</strong></span> <span class='ocrx_word' id='word_1_133' title='bbox 645 3048 766 3108; x_wconf 90' lang='lat' dir='ltr'><strong>bonum</strong></span> <span class='ocrx_word' id='word_1_134' title='bbox 783 3057 833 3107; x_wconf 82' lang='lat' dir='ltr'><strong>est</strong></span> <span class='ocrx_word' id='word_1_135' title='bbox 848 3049 990 3126; x_wconf 88' lang='lat' dir='ltr'><strong>corpori,</strong></span> 
     </span>
     <span class='ocr_line' id='line_1_25' title="bbox 233 3142 990 3220; baseline 0 -12"><span class='ocrx_word' id='word_1_136' title='bbox 233 3165 259 3208; x_wconf 67' lang='lat' dir='ltr'><strong>rs</strong></span> <span class='ocrx_word' id='word_1_137' title='bbox 374 3142 518 3204; x_wconf 86' lang='lat' dir='ltr'><strong>deservit</strong></span> <span class='ocrx_word' id='word_1_138' title='bbox 548 3143 694 3220; x_wconf 85' lang='lat' dir='ltr'><strong>spiritui3</strong></span> <span class='ocrx_word' id='word_1_139' title='bbox 724 3142 907 3206; x_wconf 83' lang='lat' dir='ltr'><strong>aedificatio</strong></span> <span class='ocrx_word' id='word_1_140' title='bbox 939 3156 990 3208; x_wconf 85' lang='lat' dir='ltr'><strong>est</strong></span> 
     </span>
    </p>
   </div>
   <div class='ocr_carea' id='block_1_11' title="bbox 193 3241 1079 3318">
    <p class='ocr_par' dir='ltr' id='par_1_11' title="bbox 193 3241 1079 3318">
     <span class='ocr_line' id='line_1_26' title="bbox 193 3241 1079 3318; baseline 0.009 -20"><span class='ocrx_word' id='word_1_141' title='bbox 193 3241 384 3318; x_wconf 76' lang='lat' dir='ltr'><strong>asproximi:</strong></span> <span class='ocrx_word' id='word_1_142' title='bbox 414 3249 446 3301; x_wconf 89' lang='lat' dir='ltr'><strong>et</strong></span> <span class='ocrx_word' id='word_1_143' title='bbox 474 3241 633 3317; x_wconf 85' lang='lat' dir='ltr'><strong>reparatio</strong></span> <span class='ocrx_word' id='word_1_144' title='bbox 659 3251 710 3302; x_wconf 90' lang='lat' dir='ltr'><strong>est</strong></span> <span class='ocrx_word' id='word_1_145' title='bbox 730 3257 852 3303; x_wconf 88' lang='lat' dir='ltr'><strong>sensus</strong></span> <span class='ocrx_word' id='word_1_146' title='bbox 873 3244 990 3306; x_wconf 87' lang='lat' dir='ltr'><strong>nostri.</strong></span> <span class='ocrx_word' id='word_1_147' title='bbox 1078 3247 1079 3250; x_wconf 74' lang='grc'>’</span> 
     </span>
    </p>
   </div>
   <div class='ocr_carea' id='block_1_12' title="bbox 230 3339 990 3614">
    <p class='ocr_par' dir='ltr' id='par_1_12' title="bbox 230 3339 990 3614">
     <span class='ocr_line' id='line_1_27' title="bbox 230 3339 990 3417; baseline 0.001 -16"><span class='ocrx_word' id='word_1_148' title='bbox 230 3341 304 3401; x_wconf 87' lang='lat' dir='ltr'><strong>Etsi</strong></span> <span class='ocrx_word' id='word_1_149' title='bbox 314 3339 476 3402; x_wconf 82' lang='lat' dir='ltr'><strong>interdum</strong></span> <span class='ocrx_word' id='word_1_150' title='bbox 485 3339 567 3417; x_wconf 89' lang='lat' dir='ltr'><strong>pigri</strong></span> <span class='ocrx_word' id='word_1_151' title='bbox 576 3349 825 3400; x_wconf 77' lang='lat' dir='ltr'><strong>sumusttamen</strong></span> <span class='ocrx_word' id='word_1_152' title='bbox 834 3357 990 3417; x_wconf 88' lang='lat' dir='ltr'><strong>perseve-</strong></span> 
     </span>
     <span class='ocr_line' id='line_1_28' title="bbox 230 3437 990 3514; baseline 0 -14"><span class='ocrx_word' id='word_1_153' title='bbox 230 3439 330 3500; x_wconf 91' lang='lat' dir='ltr'><strong>rando</strong></span> <span class='ocrx_word' id='word_1_154' title='bbox 351 3437 525 3498; x_wconf 79' lang='lat' dir='ltr'><strong>vincimus</strong></span> <span class='ocrx_word' id='word_1_155' title='bbox 555 3437 585 3499; x_wconf 94' lang='grc' dir='ltr'>Ο</span> <span class='ocrx_word' id='word_1_156' title='bbox 603 3454 699 3514; x_wconf 89' lang='lat' dir='ltr'><strong>quarn</strong></span> <span class='ocrx_word' id='word_1_157' title='bbox 722 3438 831 3499; x_wconf 88' lang='lat' dir='ltr'><strong>devoti</strong></span> <span class='ocrx_word' id='word_1_158' title='bbox 854 3439 990 3501; x_wconf 85' lang='lat' dir='ltr'><strong>fuerunt</strong></span> 
     </span>
     <span class='ocr_line' id='line_1_29' title="bbox 230 3535 989 3614; baseline 0.003 -18"><span class='ocrx_word' id='word_1_159' title='bbox 230 3536 333 3596; x_wconf 85' lang='lat' dir='ltr'><strong>sancti</strong></span> <span class='ocrx_word' id='word_1_160' title='bbox 366 3535 421 3611; x_wconf 93' lang='lat' dir='ltr'><strong>qui</strong></span> <span class='ocrx_word' id='word_1_161' title='bbox 453 3535 525 3595; x_wconf 86' lang='lat' dir='ltr'><strong>sine</strong></span> <span class='ocrx_word' id='word_1_162' title='bbox 561 3535 806 3597; x_wconf 86' lang='lat' dir='ltr'><strong>intermissione</strong></span> <span class='ocrx_word' id='word_1_163' title='bbox 836 3537 989 3614; x_wconf 83' lang='lat' dir='ltr'><strong>orabant3</strong></span> 
     </span>
    </p>
   </div>
   <div class='ocr_carea' id='block_1_13' title="bbox 0 0 1094 4186">
    <p class='ocr_par' dir='ltr' id='par_1_13' title="bbox 0 0 1094 4186">
     <span class='ocr_line' id='line_1_30' title="bbox 0 0 1094 4186; baseline 0 0"><span class='ocrx_word' id='word_1_164' title='bbox 0 0 1094 4186; x_wconf 95' lang='lat' dir='ltr'><strong> </strong></span> 
     </span>
    </p>
   </div>
  </div>
 </body>
</html>
