<?xml version="1.0" encoding="UTF-8"?>
<!DOCTYPE html PUBLIC "-//W3C//DTD XHTML 1.0 Transitional//EN"
    "http://www.w3.org/TR/xhtml1/DTD/xhtml1-transitional.dtd">
<html xmlns="http://www.w3.org/1999/xhtml" xml:lang="en" lang="en">
 <head>
  <title>
</title>
<meta http-equiv="Content-Type" content="text/html;charset=utf-8" />
  <meta name='ocr-system' content='tesseract 3.04.00' />
  <meta name='ocr-capabilities' content='ocr_page ocr_carea ocr_par ocr_line ocrx_word'/>
</head>
<body>
  <div class='ocr_page' id='page_1' title='image "./thomaehemerkena03pohlgoog_0072.png"; bbox 0 0 2142 4194; ppageno 0'>
   <div class='ocr_carea' id='block_1_1' title="bbox 96 561 891 1810">
    <p class='ocr_par' dir='ltr' id='par_1_1' title="bbox 96 561 891 1810">
     <span class='ocr_line' id='line_1_1' title="bbox 96 561 856 622; baseline 0 0"><span class='ocrx_word' id='word_1_1' title='bbox 96 561 198 622; x_wconf 85' lang='lat' dir='ltr'>Stude</span> <span class='ocrx_word' id='word_1_2' title='bbox 230 579 319 621; x_wconf 88' lang='lat' dir='ltr'><strong>nunc</strong></span> <span class='ocrx_word' id='word_1_3' title='bbox 350 561 457 621; x_wconf 91' lang='lat' dir='ltr'><strong>taliter</strong></span> <span class='ocrx_word' id='word_1_4' title='bbox 487 561 616 621; x_wconf 93' lang='lat' dir='ltr'><strong>vivere:</strong></span> <span class='ocrx_word' id='word_1_5' title='bbox 648 571 683 622; x_wconf 91' lang='lat' dir='ltr'><strong>ut</strong></span> <span class='ocrx_word' id='word_1_6' title='bbox 713 562 745 622; x_wconf 95' lang='lat' dir='ltr'><strong>in</strong></span> <span class='ocrx_word' id='word_1_7' title='bbox 776 564 856 622; x_wconf 89' lang='lat' dir='ltr'><strong>hora</strong></span> 
     </span>
     <span class='ocr_line' id='line_1_2' title="bbox 97 658 855 735; baseline 0.001 -16"><span class='ocrx_word' id='word_1_8' title='bbox 97 659 212 719; x_wconf 88' lang='lat' dir='ltr'><strong>mortis</strong></span> <span class='ocrx_word' id='word_1_9' title='bbox 227 660 339 719; x_wconf 87' lang='lat' dir='ltr'><strong>valeas</strong></span> <span class='ocrx_word' id='word_1_10' title='bbox 350 659 458 735; x_wconf 92' lang='lat' dir='ltr'><strong>potius</strong></span> <span class='ocrx_word' id='word_1_11' title='bbox 468 658 610 735; x_wconf 86' lang='lat' dir='ltr'><strong>gaudere</strong></span> <span class='ocrx_word' id='word_1_12' title='bbox 621 676 717 735; x_wconf 86' lang='lat' dir='ltr'><strong>quam</strong></span> <span class='ocrx_word' id='word_1_13' title='bbox 729 660 855 720; x_wconf 90' lang='lat' dir='ltr'><strong>timere.</strong></span> 
     </span>
     <span class='ocr_line' id='line_1_3' title="bbox 99 755 855 835; baseline 0.001 -18"><span class='ocrx_word' id='word_1_14' title='bbox 99 757 198 817; x_wconf 83' lang='lat' dir='ltr'>Disce</span> <span class='ocrx_word' id='word_1_15' title='bbox 214 775 303 817; x_wconf 90' lang='lat' dir='ltr'><strong>nunc</strong></span> <span class='ocrx_word' id='word_1_16' title='bbox 319 755 402 816; x_wconf 94' lang='lat' dir='ltr'><strong>mori</strong></span> <span class='ocrx_word' id='word_1_17' title='bbox 418 755 555 815; x_wconf 92' lang='lat' dir='ltr'><strong>mundo:</strong></span> <span class='ocrx_word' id='word_1_18' title='bbox 575 765 611 816; x_wconf 90' lang='lat' dir='ltr'><strong>ut</strong></span> <span class='ocrx_word' id='word_1_19' title='bbox 624 769 702 817; x_wconf 87' lang='lat' dir='ltr'><strong>tunc</strong></span> <span class='ocrx_word' id='word_1_20' title='bbox 717 759 855 835; x_wconf 87' lang='lat' dir='ltr'><strong>incipias</strong></span> 
     </span>
     <span class='ocr_line' id='line_1_4' title="bbox 97 853 855 916; baseline 0.004 -3"><span class='ocrx_word' id='word_1_21' title='bbox 97 854 210 914; x_wconf 92' lang='lat' dir='ltr'><strong>vivere</strong></span> <span class='ocrx_word' id='word_1_22' title='bbox 233 872 308 914; x_wconf 93' lang='lat' dir='ltr'><strong>cum</strong></span> <span class='ocrx_word' id='word_1_23' title='bbox 332 853 477 915; x_wconf 89' lang='lat' dir='ltr'><strong>Christo.</strong></span> <span class='ocrx_word' id='word_1_24' title='bbox 514 854 614 914; x_wconf 87' lang='lat' dir='ltr'><strong>Disce</strong></span> <span class='ocrx_word' id='word_1_25' title='bbox 636 872 724 914; x_wconf 91' lang='lat' dir='ltr'><strong>nunc</strong></span> <span class='ocrx_word' id='word_1_26' title='bbox 746 856 855 916; x_wconf 91' lang='lat' dir='ltr'><strong>omnia</strong></span> 
     </span>
     <span class='ocr_line' id='line_1_5' title="bbox 98 953 878 1029; baseline -0.004 -18"><span class='ocrx_word' id='word_1_27' title='bbox 98 961 328 1012; x_wconf 87' lang='lat' dir='ltr'><strong>contemnere:</strong></span> <span class='ocrx_word' id='word_1_28' title='bbox 364 960 399 1010; x_wconf 93' lang='lat' dir='ltr'><strong>ut</strong></span> <span class='ocrx_word' id='word_1_29' title='bbox 433 962 510 1012; x_wconf 91' lang='lat' dir='ltr'><strong>tunc</strong></span> <span class='ocrx_word' id='word_1_30' title='bbox 542 953 651 1029; x_wconf 90' lang='lat' dir='ltr'><strong>possis</strong></span> <span class='ocrx_word' id='word_1_31' title='bbox 682 953 784 1014; x_wconf 91' lang='lat' dir='ltr'><strong>libere</strong></span> <span class='ocrx_word' id='word_1_32' title='bbox 816 955 878 1014; x_wconf 81' lang='lat' dir='ltr'><strong>ads</strong></span> 
     </span>
     <span class='ocr_line' id='line_1_6' title="bbox 99 1050 854 1128; baseline 0 -17"><span class='ocrx_word' id='word_1_33' title='bbox 99 1051 272 1112; x_wconf 83' lang='lat' dir='ltr'><strong>Christum</strong></span> <span class='ocrx_word' id='word_1_34' title='bbox 295 1067 440 1127; x_wconf 85' lang='lat' dir='ltr'><strong>pergere.</strong></span> <span class='ocrx_word' id='word_1_35' title='bbox 470 1050 604 1126; x_wconf 86' lang='lat' dir='ltr'><strong>Castiga</strong></span> <span class='ocrx_word' id='word_1_36' title='bbox 626 1068 713 1110; x_wconf 92' lang='lat' dir='ltr'><strong>nunc</strong></span> <span class='ocrx_word' id='word_1_37' title='bbox 735 1068 854 1128; x_wconf 92' lang='lat' dir='ltr'><strong>corpus</strong></span> 
     </span>
     <span class='ocr_line' id='line_1_7' title="bbox 97 1147 853 1224; baseline -0.001 -15"><span class='ocrx_word' id='word_1_38' title='bbox 97 1159 190 1210; x_wconf 89' lang='lat' dir='ltr'><strong>tuum</strong></span> <span class='ocrx_word' id='word_1_39' title='bbox 213 1166 273 1224; x_wconf 90' lang='lat' dir='ltr'><strong>per</strong></span> <span class='ocrx_word' id='word_1_40' title='bbox 293 1147 541 1224; x_wconf 90' lang='lat' dir='ltr'><strong>paenitentiam:</strong></span> <span class='ocrx_word' id='word_1_41' title='bbox 570 1156 606 1207; x_wconf 91' lang='lat' dir='ltr'><strong>ut</strong></span> <span class='ocrx_word' id='word_1_42' title='bbox 633 1157 710 1208; x_wconf 92' lang='lat' dir='ltr'><strong>tunc</strong></span> <span class='ocrx_word' id='word_1_43' title='bbox 732 1158 853 1208; x_wconf 86' lang='lat' dir='ltr'><strong>certam</strong></span> 
     </span>
     <span class='ocr_line' id='line_1_8' title="bbox 97 1245 854 1307; baseline 0 -1"><span class='ocrx_word' id='word_1_44' title='bbox 97 1245 209 1306; x_wconf 90' lang='lat' dir='ltr'><strong>valeas</strong></span> <span class='ocrx_word' id='word_1_45' title='bbox 237 1247 358 1307; x_wconf 86' lang='lat' dir='ltr'><strong>habere</strong></span> <span class='ocrx_word' id='word_1_46' title='bbox 386 1245 626 1306; x_wconf 88' lang='lat' dir='ltr'><strong>confidentiam.</strong></span> <span class='ocrx_word' id='word_1_47' title='bbox 676 1245 726 1306; x_wconf 74' lang='lat' dir='ltr'><strong>Ah</strong></span> <span class='ocrx_word' id='word_1_48' title='bbox 757 1247 854 1307; x_wconf 85' lang='lat' dir='ltr'><strong>stulte</strong></span> 
     </span>
     <span class='ocr_line' id='line_1_9' title="bbox 98 1343 852 1422; baseline -0.001 -18"><span class='ocrx_word' id='word_1_49' title='bbox 98 1345 175 1422; x_wconf 91' lang='lat' dir='ltr'><strong>quid</strong></span> <span class='ocrx_word' id='word_1_50' title='bbox 192 1344 316 1421; x_wconf 84' lang='lat' dir='ltr'><strong>cogitas</strong></span> <span class='ocrx_word' id='word_1_51' title='bbox 330 1353 362 1405; x_wconf 91' lang='lat' dir='ltr'><strong>te</strong></span> <span class='ocrx_word' id='word_1_52' title='bbox 378 1344 432 1404; x_wconf 91' lang='lat' dir='ltr'><strong>diu</strong></span> <span class='ocrx_word' id='word_1_53' title='bbox 444 1343 622 1419; x_wconf 85' lang='lat' dir='ltr'><strong>victurum3</strong></span> <span class='ocrx_word' id='word_1_54' title='bbox 638 1360 711 1403; x_wconf 91' lang='lat' dir='ltr'><strong>cum</strong></span> <span class='ocrx_word' id='word_1_55' title='bbox 727 1344 852 1403; x_wconf 91' lang='lat' dir='ltr'><strong>nullum</strong></span> 
     </span>
     <span class='ocr_line' id='line_1_10' title="bbox 97 1441 891 1518; baseline -0.004 -17"><span class='ocrx_word' id='word_1_56' title='bbox 97 1442 184 1502; x_wconf 91' lang='lat' dir='ltr'><strong>diem</strong></span> <span class='ocrx_word' id='word_1_57' title='bbox 208 1442 329 1501; x_wconf 83' lang='lat' dir='ltr'><strong>habeas</strong></span> <span class='ocrx_word' id='word_1_58' title='bbox 351 1442 532 1502; x_wconf 79' lang='lat' dir='ltr'><strong>securum?</strong></span> <span class='ocrx_word' id='word_1_59' title='bbox 562 1441 669 1518; x_wconf 90' lang='lat' dir='ltr'><strong>Quam</strong></span> <span class='ocrx_word' id='word_1_60' title='bbox 692 1442 784 1502; x_wconf 92' lang='lat' dir='ltr'><strong>multi</strong></span> <span class='ocrx_word' id='word_1_61' title='bbox 801 1443 891 1502; x_wconf 75' lang='lat' dir='ltr'><strong>dero</strong></span> 
     </span>
     <span class='ocr_line' id='line_1_11' title="bbox 97 1539 854 1616; baseline -0.001 -17"><span class='ocrx_word' id='word_1_62' title='bbox 97 1539 182 1615; x_wconf 89' lang='lat' dir='ltr'><strong>cepti</strong></span> <span class='ocrx_word' id='word_1_63' title='bbox 207 1549 299 1599; x_wconf 91' lang='lat' dir='ltr'><strong>sunt:</strong></span> <span class='ocrx_word' id='word_1_64' title='bbox 327 1548 360 1600; x_wconf 89' lang='lat' dir='ltr'><strong>et</strong></span> <span class='ocrx_word' id='word_1_65' title='bbox 380 1539 545 1616; x_wconf 88' lang='lat' dir='ltr'><strong>insperate</strong></span> <span class='ocrx_word' id='word_1_66' title='bbox 574 1539 615 1599; x_wconf 92' lang='lat' dir='ltr'><strong>de</strong></span> <span class='ocrx_word' id='word_1_67' title='bbox 640 1556 776 1615; x_wconf 91' lang='lat' dir='ltr'><strong>corpore</strong></span> <span class='ocrx_word' id='word_1_68' title='bbox 800 1556 854 1598; x_wconf 88' lang='lat' dir='ltr'><strong>ex-</strong></span> 
     </span>
     <span class='ocr_line' id='line_1_12' title="bbox 96 1636 854 1713; baseline 0.001 -18"><span class='ocrx_word' id='word_1_69' title='bbox 96 1637 200 1696; x_wconf 81' lang='lat' dir='ltr'><strong>tracti.</strong></span> <span class='ocrx_word' id='word_1_70' title='bbox 224 1636 388 1713; x_wconf 85' lang='lat' dir='ltr'><strong>Quotiens</strong></span> <span class='ocrx_word' id='word_1_71' title='bbox 403 1637 520 1698; x_wconf 90' lang='lat' dir='ltr'><strong>audisti</strong></span> <span class='ocrx_word' id='word_1_72' title='bbox 536 1655 554 1696; x_wconf 99' lang='lat' dir='ltr'><strong>a</strong></span> <span class='ocrx_word' id='word_1_73' title='bbox 569 1637 764 1712; x_wconf 63' lang='lat' dir='ltr'><strong>dicentibus</strong></span> <span class='ocrx_word' id='word_1_74' title='bbox 779 1637 854 1713; x_wconf 91' lang='lat' dir='ltr'><strong>quia</strong></span> 
     </span>
     <span class='ocr_line' id='line_1_13' title="bbox 96 1733 853 1810; baseline 0.001 -17"><span class='ocrx_word' id='word_1_75' title='bbox 96 1733 152 1794; x_wconf 89' lang='lat' dir='ltr'><strong>ille</strong></span> <span class='ocrx_word' id='word_1_76' title='bbox 181 1734 289 1810; x_wconf 86' lang='lat' dir='ltr'><strong>gladio</strong></span> <span class='ocrx_word' id='word_1_77' title='bbox 318 1735 452 1810; x_wconf 84' lang='lat' dir='ltr'><strong>cecidit3</strong></span> <span class='ocrx_word' id='word_1_78' title='bbox 481 1734 535 1795; x_wconf 91' lang='lat' dir='ltr'><strong>ille</strong></span> <span class='ocrx_word' id='word_1_79' title='bbox 565 1734 758 1793; x_wconf 90' lang='lat' dir='ltr'><strong>submersus</strong></span> <span class='ocrx_word' id='word_1_80' title='bbox 787 1743 853 1794; x_wconf 89' lang='lat' dir='ltr'><strong>est:</strong></span> 
     </span>
    </p>
   </div>
   <div class='ocr_carea' id='block_1_2' title="bbox 95 1831 853 1908">
    <p class='ocr_par' dir='ltr' id='par_1_2' title="bbox 12 1831 853 1908">
     <span class='ocr_line' id='line_1_14' title="bbox 95 1831 853 1908; baseline 0.005 -20.605"><span class='ocrx_word' id='word_1_81' title='bbox 95 1832 152 1891; x_wconf 87' lang='lat' dir='ltr'><strong>ilie</strong></span> <span class='ocrx_word' id='word_1_82' title='bbox 181 1832 220 1891; x_wconf 91' lang='lat' dir='ltr'><strong>ab</strong></span> <span class='ocrx_word' id='word_1_83' title='bbox 248 1833 312 1892; x_wconf 91' lang='lat' dir='ltr'><strong>alto</strong></span> <span class='ocrx_word' id='word_1_84' title='bbox 334 1849 435 1892; x_wconf 91' lang='lat' dir='ltr'><strong>ruens</strong></span> <span class='ocrx_word' id='word_1_85' title='bbox 464 1832 627 1892; x_wconf 92' lang='lat' dir='ltr'><strong>cervicem</strong></span> <span class='ocrx_word' id='word_1_86' title='bbox 657 1831 768 1908; x_wconf 82' lang='lat' dir='ltr'><strong>fregit:</strong></span> <span class='ocrx_word' id='word_1_87' title='bbox 798 1831 853 1891; x_wconf 88' lang='lat' dir='ltr'><strong>ille</strong></span> 
     </span>
    </p>
   </div>
   <div class='ocr_carea' id='block_1_3' title="bbox 12 1929 890 3161">
    <p class='ocr_par' dir='ltr' id='par_1_3' title="bbox 12 1929 890 3161">
     <span class='ocr_line' id='line_1_15' title="bbox 95 1929 890 2006; baseline -0.004 -17"><span class='ocrx_word' id='word_1_88' title='bbox 95 1930 322 1990; x_wconf 92' lang='lat' dir='ltr'><strong>manducando</strong></span> <span class='ocrx_word' id='word_1_89' title='bbox 345 1929 496 2006; x_wconf 89' lang='lat' dir='ltr'><strong>obriguit,</strong></span> <span class='ocrx_word' id='word_1_90' title='bbox 517 1930 572 1989; x_wconf 93' lang='lat' dir='ltr'><strong>ille</strong></span> <span class='ocrx_word' id='word_1_91' title='bbox 590 1929 732 1990; x_wconf 87' lang='lat' dir='ltr'><strong>ludendo</strong></span> <span class='ocrx_word' id='word_1_92' title='bbox 755 1929 852 1990; x_wconf 84' lang='lat' dir='ltr'><strong>finem</strong></span> <span class='ocrx_word' id='word_1_93' title='bbox 866 1948 890 1987; x_wconf 71' lang='grc' dir='ltr'><strong>ιε</strong></span> 
     </span>
     <span class='ocr_line' id='line_1_16' title="bbox 97 2025 853 2104; baseline 0.003 -18"><span class='ocrx_word' id='word_1_94' title='bbox 97 2027 191 2086; x_wconf 85' lang='lat' dir='ltr'><strong>fecit:</strong></span> <span class='ocrx_word' id='word_1_95' title='bbox 214 2026 298 2086; x_wconf 90' lang='lat' dir='ltr'><strong>alius</strong></span> <span class='ocrx_word' id='word_1_96' title='bbox 320 2025 405 2101; x_wconf 87' lang='lat' dir='ltr'><strong>igne,</strong></span> <span class='ocrx_word' id='word_1_97' title='bbox 427 2027 511 2086; x_wconf 91' lang='lat' dir='ltr'><strong>alius</strong></span> <span class='ocrx_word' id='word_1_98' title='bbox 534 2027 631 2101; x_wconf 83' lang='lat' dir='ltr'><strong>ferro,</strong></span> <span class='ocrx_word' id='word_1_99' title='bbox 653 2027 736 2087; x_wconf 89' lang='lat' dir='ltr'><strong>alius</strong></span> <span class='ocrx_word' id='word_1_100' title='bbox 751 2038 853 2104; x_wconf 87' lang='lat' dir='ltr'><strong>peste,</strong></span> 
     </span>
     <span class='ocr_line' id='line_1_17' title="bbox 95 2122 852 2199; baseline 0.003 -17"><span class='ocrx_word' id='word_1_101' title='bbox 95 2123 179 2183; x_wconf 89' lang='lat' dir='ltr'><strong>alius</strong></span> <span class='ocrx_word' id='word_1_102' title='bbox 208 2123 380 2183; x_wconf 90' lang='lat' dir='ltr'><strong>latrocinio</strong></span> <span class='ocrx_word' id='word_1_103' title='bbox 407 2122 547 2199; x_wconf 88' lang='lat' dir='ltr'><strong>interiit;</strong></span> <span class='ocrx_word' id='word_1_104' title='bbox 575 2124 677 2184; x_wconf 88' lang='lat' dir='ltr'><strong>etsie</strong></span> <span class='ocrx_word' id='word_1_105' title='bbox 707 2125 852 2184; x_wconf 93' lang='lat' dir='ltr'><strong>omnium</strong></span> 
     </span>
     <span class='ocr_line' id='line_1_18' title="bbox 96 2221 853 2282; baseline 0.001 -2"><span class='ocrx_word' id='word_1_106' title='bbox 96 2221 170 2281; x_wconf 82' lang='lat' dir='ltr'><strong>finis</strong></span> <span class='ocrx_word' id='word_1_107' title='bbox 200 2238 291 2281; x_wconf 92' lang='lat' dir='ltr'><strong>mors</strong></span> <span class='ocrx_word' id='word_1_108' title='bbox 321 2230 388 2280; x_wconf 92' lang='lat' dir='ltr'><strong>est:</strong></span> <span class='ocrx_word' id='word_1_109' title='bbox 420 2229 452 2280; x_wconf 91' lang='lat' dir='ltr'><strong>et</strong></span> <span class='ocrx_word' id='word_1_110' title='bbox 479 2221 545 2280; x_wconf 92' lang='lat' dir='ltr'><strong>vita</strong></span> <span class='ocrx_word' id='word_1_111' title='bbox 575 2221 746 2281; x_wconf 91' lang='lat' dir='ltr'><strong>hominum</strong></span> <span class='ocrx_word' id='word_1_112' title='bbox 775 2230 853 2282; x_wconf 87' lang='lat' dir='ltr'><strong>tam-</strong></span> 
     </span>
     <span class='ocr_line' id='line_1_19' title="bbox 95 2317 853 2396; baseline 0.003 -18"><span class='ocrx_word' id='word_1_113' title='bbox 95 2335 191 2394; x_wconf 82' lang='lat' dir='ltr'>quam</span> <span class='ocrx_word' id='word_1_114' title='bbox 231 2319 347 2377; x_wconf 86' lang='lat' dir='ltr'><strong>umbra</strong></span> <span class='ocrx_word' id='word_1_115' title='bbox 382 2317 489 2378; x_wconf 87' lang='lat' dir='ltr'><strong>subito</strong></span> <span class='ocrx_word' id='word_1_116' title='bbox 528 2318 712 2394; x_wconf 86' lang='lat' dir='ltr'><strong>pertransit.</strong></span> <span class='ocrx_word' id='word_1_117' title='bbox 769 2319 853 2396; x_wconf 89' lang='lat' dir='ltr'><strong>Quis</strong></span> 
     </span>
     <span class='ocr_line' id='line_1_20' title="bbox 95 2415 890 2492; baseline -0.004 -16"><span class='ocrx_word' id='word_1_118' title='bbox 95 2415 331 2476; x_wconf 88' lang='lat' dir='ltr'><strong>memorabitur</strong></span> <span class='ocrx_word' id='word_1_119' title='bbox 359 2415 404 2475; x_wconf 91' lang='lat' dir='ltr'><strong>tui</strong></span> <span class='ocrx_word' id='word_1_120' title='bbox 434 2425 508 2491; x_wconf 92' lang='lat' dir='ltr'><strong>post</strong></span> <span class='ocrx_word' id='word_1_121' title='bbox 535 2425 691 2491; x_wconf 85' lang='lat' dir='ltr'><strong>mortem3</strong></span> <span class='ocrx_word' id='word_1_122' title='bbox 720 2425 753 2476; x_wconf 88' lang='lat' dir='ltr'><strong>et</strong></span> <span class='ocrx_word' id='word_1_123' title='bbox 780 2417 890 2492; x_wconf 83' lang='lat' dir='ltr'><strong>quisao</strong></span> 
     </span>
     <span class='ocr_line' id='line_1_21' title="bbox 12 2513 853 2598; baseline 0.001 -26"><span class='ocrx_word' id='word_1_124' title='bbox 12 2585 14 2598; x_wconf 90' lang='lat'>.</span> <span class='ocrx_word' id='word_1_125' title='bbox 94 2513 198 2574; x_wconf 86' lang='lat' dir='ltr'><strong>orabit</strong></span> <span class='ocrx_word' id='word_1_126' title='bbox 220 2530 279 2589; x_wconf 96' lang='lat' dir='ltr'><strong>pro</strong></span> <span class='ocrx_word' id='word_1_127' title='bbox 302 2514 361 2573; x_wconf 76' lang='lat' dir='ltr'><strong>te?</strong></span> <span class='ocrx_word' id='word_1_128' title='bbox 403 2513 473 2590; x_wconf 75' lang='lat' dir='ltr'><strong>Age</strong></span> <span class='ocrx_word' id='word_1_129' title='bbox 494 2531 553 2590; x_wconf 86' lang='lat' dir='ltr'><strong>age</strong></span> <span class='ocrx_word' id='word_1_130' title='bbox 575 2531 662 2573; x_wconf 92' lang='lat' dir='ltr'><strong>nunc</strong></span> <span class='ocrx_word' id='word_1_131' title='bbox 685 2514 853 2574; x_wconf 86' lang='lat' dir='ltr'><strong>carissime</strong></span> 
     </span>
     <span class='ocr_line' id='line_1_22' title="bbox 94 2611 854 2689; baseline -0.001 -18"><span class='ocrx_word' id='word_1_132' title='bbox 94 2612 254 2689; x_wconf 86' lang='lat' dir='ltr'><strong>quidquid</strong></span> <span class='ocrx_word' id='word_1_133' title='bbox 269 2628 365 2688; x_wconf 87' lang='lat' dir='ltr'><strong>agere</strong></span> <span class='ocrx_word' id='word_1_134' title='bbox 380 2621 490 2688; x_wconf 83' lang='lat' dir='ltr'><strong>potes3</strong></span> <span class='ocrx_word' id='word_1_135' title='bbox 506 2612 581 2688; x_wconf 91' lang='lat' dir='ltr'><strong>quia</strong></span> <span class='ocrx_word' id='word_1_136' title='bbox 595 2611 706 2672; x_wconf 91' lang='lat' dir='ltr'><strong>nescis</strong></span> <span class='ocrx_word' id='word_1_137' title='bbox 725 2611 854 2688; x_wconf 89' lang='lat' dir='ltr'><strong>quando</strong></span> 
     </span>
     <span class='ocr_line' id='line_1_23' title="bbox 94 2709 854 2786; baseline 0.001 -18"><span class='ocrx_word' id='word_1_138' title='bbox 94 2709 265 2770; x_wconf 92' lang='lat' dir='ltr'><strong>morieris:</strong></span> <span class='ocrx_word' id='word_1_139' title='bbox 301 2709 412 2770; x_wconf 90' lang='lat' dir='ltr'><strong>nescis</strong></span> <span class='ocrx_word' id='word_1_140' title='bbox 448 2709 544 2769; x_wconf 91' lang='lat' dir='ltr'><strong>etiam</strong></span> <span class='ocrx_word' id='word_1_141' title='bbox 581 2709 658 2786; x_wconf 90' lang='lat' dir='ltr'><strong>quid</strong></span> <span class='ocrx_word' id='word_1_142' title='bbox 694 2710 750 2769; x_wconf 92' lang='lat' dir='ltr'><strong>tibi</strong></span> <span class='ocrx_word' id='word_1_143' title='bbox 781 2719 854 2785; x_wconf 91' lang='lat' dir='ltr'><strong>post</strong></span> 
     </span>
     <span class='ocr_line' id='line_1_24' title="bbox 95 2807 853 2884; baseline 0 -18"><span class='ocrx_word' id='word_1_144' title='bbox 95 2816 234 2867; x_wconf 92' lang='lat' dir='ltr'><strong>mortem</strong></span> <span class='ocrx_word' id='word_1_145' title='bbox 258 2816 424 2884; x_wconf 90' lang='lat' dir='ltr'><strong>sequetur.</strong></span> <span class='ocrx_word' id='word_1_146' title='bbox 468 2809 554 2868; x_wconf 90' lang='lat' dir='ltr'><strong>Dum</strong></span> <span class='ocrx_word' id='word_1_147' title='bbox 583 2817 712 2883; x_wconf 93' lang='lat' dir='ltr'><strong>tempus</strong></span> <span class='ocrx_word' id='word_1_148' title='bbox 736 2807 853 2866; x_wconf 88' lang='lat' dir='ltr'><strong>habes:</strong></span> 
     </span>
     <span class='ocr_line' id='line_1_25' title="bbox 95 2904 890 2981; baseline -0.004 -17"><span class='ocrx_word' id='word_1_149' title='bbox 95 2921 257 2981; x_wconf 86' lang='lat' dir='ltr'><strong>congrega</strong></span> <span class='ocrx_word' id='word_1_150' title='bbox 293 2904 423 2964; x_wconf 87' lang='lat' dir='ltr'><strong>divitias</strong></span> <span class='ocrx_word' id='word_1_151' title='bbox 458 2905 668 2965; x_wconf 87' lang='lat' dir='ltr'><strong>immortales.</strong></span> <span class='ocrx_word' id='word_1_152' title='bbox 722 2904 890 2964; x_wconf 78' lang='lat' dir='ltr'><strong>Praeter2s</strong></span> 
     </span>
     <span class='ocr_line' id='line_1_26' title="bbox 94 3001 853 3079; baseline -0.003 -17"><span class='ocrx_word' id='word_1_153' title='bbox 94 3005 235 3062; x_wconf 87' lang='lat' dir='ltr'><strong>salutem</strong></span> <span class='ocrx_word' id='word_1_154' title='bbox 258 3010 346 3061; x_wconf 93' lang='lat' dir='ltr'><strong>tuam</strong></span> <span class='ocrx_word' id='word_1_155' title='bbox 370 3002 451 3063; x_wconf 89' lang='lat' dir='ltr'><strong>nihil</strong></span> <span class='ocrx_word' id='word_1_156' title='bbox 474 3001 614 3079; x_wconf 89' lang='lat' dir='ltr'><strong>cogites:</strong></span> <span class='ocrx_word' id='word_1_157' title='bbox 641 3002 747 3061; x_wconf 90' lang='lat' dir='ltr'><strong>solum</strong></span> <span class='ocrx_word' id='word_1_158' title='bbox 770 3018 853 3077; x_wconf 86' lang='lat' dir='ltr'><strong>quae</strong></span> 
     </span>
     <span class='ocr_line' id='line_1_27' title="bbox 96 3100 853 3161; baseline 0.003 -3"><span class='ocrx_word' id='word_1_159' title='bbox 96 3100 156 3160; x_wconf 89' lang='lat' dir='ltr'><strong>Dei</strong></span> <span class='ocrx_word' id='word_1_160' title='bbox 187 3109 266 3160; x_wconf 91' lang='lat' dir='ltr'><strong>sunt</strong></span> <span class='ocrx_word' id='word_1_161' title='bbox 295 3115 400 3160; x_wconf 87' lang='lat' dir='ltr'><strong>cures.</strong></span> <span class='ocrx_word' id='word_1_162' title='bbox 444 3101 505 3160; x_wconf 87' lang='lat' dir='ltr'><strong>Fac</strong></span> <span class='ocrx_word' id='word_1_163' title='bbox 533 3118 621 3160; x_wconf 92' lang='lat' dir='ltr'><strong>nunc</strong></span> <span class='ocrx_word' id='word_1_164' title='bbox 650 3100 706 3161; x_wconf 91' lang='lat' dir='ltr'><strong>tibi</strong></span> <span class='ocrx_word' id='word_1_165' title='bbox 730 3100 853 3160; x_wconf 92' lang='lat' dir='ltr'><strong>amicos</strong></span> 
     </span>
    </p>
   </div>
   <div class='ocr_carea' id='block_1_4' title="bbox 12 3195 853 3272">
    <p class='ocr_par' dir='ltr' id='par_1_4' title="bbox 12 3195 853 3272">
     <span class='ocr_line' id='line_1_28' title="bbox 12 3195 853 3272; baseline 0.002 -17"><span class='ocrx_word' id='word_1_166' title='bbox 12 3195 15 3212; x_wconf 84' lang='lat'>&#39;</span> <span class='ocrx_word' id='word_1_167' title='bbox 96 3197 284 3257; x_wconf 88' lang='lat' dir='ltr'><strong>venerando</strong></span> <span class='ocrx_word' id='word_1_168' title='bbox 308 3195 369 3256; x_wconf 90' lang='lat' dir='ltr'><strong>Dei</strong></span> <span class='ocrx_word' id='word_1_169' title='bbox 393 3206 540 3272; x_wconf 89' lang='lat' dir='ltr'><strong>sanctos,</strong></span> <span class='ocrx_word' id='word_1_170' title='bbox 569 3207 601 3258; x_wconf 87' lang='lat' dir='ltr'><strong>et</strong></span> <span class='ocrx_word' id='word_1_171' title='bbox 625 3215 739 3258; x_wconf 93' lang='lat' dir='ltr'><strong>eorum</strong></span> <span class='ocrx_word' id='word_1_172' title='bbox 762 3207 853 3257; x_wconf 87' lang='lat' dir='ltr'><strong>actus</strong></span> 
     </span>
    </p>
   </div>
   <div class='ocr_carea' id='block_1_5' title="bbox 97 3292 889 3466">
    <p class='ocr_par' dir='ltr' id='par_1_5' title="bbox 97 3292 889 3466">
     <span class='ocr_line' id='line_1_29' title="bbox 97 3292 852 3369; baseline 0.005 -19"><span class='ocrx_word' id='word_1_173' title='bbox 97 3292 269 3369; x_wconf 86' lang='lat' dir='ltr'><strong>imitando;</strong></span> <span class='ocrx_word' id='word_1_174' title='bbox 295 3303 331 3353; x_wconf 92' lang='lat' dir='ltr'><strong>ut</strong></span> <span class='ocrx_word' id='word_1_175' title='bbox 353 3311 426 3352; x_wconf 91' lang='lat' dir='ltr'><strong>cum</strong></span> <span class='ocrx_word' id='word_1_176' title='bbox 449 3294 611 3355; x_wconf 78' lang='lat' dir='ltr'><strong>deieceris</strong></span> <span class='ocrx_word' id='word_1_177' title='bbox 634 3295 666 3354; x_wconf 95' lang='lat' dir='ltr'><strong>in</strong></span> <span class='ocrx_word' id='word_1_178' title='bbox 689 3296 749 3354; x_wconf 86' lang='lat' dir='ltr'><strong>hac</strong></span> <span class='ocrx_word' id='word_1_179' title='bbox 771 3295 852 3355; x_wconf 90' lang='lat' dir='ltr'><strong>vita:</strong></span> 
     </span>
     <span class='ocr_line' id='line_1_30' title="bbox 98 3388 889 3466; baseline 0.005 -18"><span class='ocrx_word' id='word_1_180' title='bbox 98 3388 141 3448; x_wconf 91' lang='lat' dir='ltr'><strong>illi</strong></span> <span class='ocrx_word' id='word_1_181' title='bbox 166 3400 198 3450; x_wconf 89' lang='lat' dir='ltr'><strong>te</strong></span> <span class='ocrx_word' id='word_1_182' title='bbox 228 3390 387 3466; x_wconf 90' lang='lat' dir='ltr'><strong>recipiant</strong></span> <span class='ocrx_word' id='word_1_183' title='bbox 415 3389 447 3449; x_wconf 92' lang='lat' dir='ltr'><strong>in</strong></span> <span class='ocrx_word' id='word_1_184' title='bbox 477 3400 608 3451; x_wconf 87' lang='lat' dir='ltr'><strong>aeterna</strong></span> <span class='ocrx_word' id='word_1_185' title='bbox 636 3393 889 3452; x_wconf 73' lang='lat' dir='ltr'><strong>tabernaculam</strong></span> 
     </span>
    </p>
   </div>
   <div class='ocr_carea' id='block_1_6' title="bbox 101 3485 852 3634">
    <p class='ocr_par' dir='ltr' id='par_1_6' title="bbox 101 3485 852 3634">
     <span class='ocr_line' id='line_1_31' title="bbox 101 3485 852 3565; baseline 0.003 -19"><span class='ocrx_word' id='word_1_186' title='bbox 101 3485 240 3548; x_wconf 85' lang='lat' dir='ltr'><strong>Servate</strong></span> <span class='ocrx_word' id='word_1_187' title='bbox 252 3498 416 3564; x_wconf 87' lang='lat' dir='ltr'><strong>tamquam</strong></span> <span class='ocrx_word' id='word_1_188' title='bbox 427 3489 634 3565; x_wconf 90' lang='lat' dir='ltr'><strong>peregrinum</strong></span> <span class='ocrx_word' id='word_1_189' title='bbox 647 3499 679 3549; x_wconf 91' lang='lat' dir='ltr'><strong>et</strong></span> <span class='ocrx_word' id='word_1_190' title='bbox 689 3489 852 3565; x_wconf 90' lang='lat' dir='ltr'><strong>hospitem</strong></span> 
     </span>
     <span class='ocr_line' id='line_1_32' title="bbox 463 3592 490 3634; baseline 0 0"><span class='ocrx_word' id='word_1_191' title='bbox 463 3592 490 3634; x_wconf 83' lang='lat'><strong>47</strong></span> 
     </span>
    </p>
   </div>
   <div class='ocr_carea' id='block_1_7' title="bbox 0 0 1076 4194">
    <p class='ocr_par' dir='ltr' id='par_1_7' title="bbox 0 0 1076 4194">
     <span class='ocr_line' id='line_1_33' title="bbox 0 0 1076 4194; baseline 0 0"><span class='ocrx_word' id='word_1_192' title='bbox 0 0 1076 4194; x_wconf 95' lang='lat' dir='ltr'><strong> </strong></span> 
     </span>
    </p>
   </div>
  </div>
 </body>
</html>
