2138 4196
90 459 356 514 &dmm
425 461 487 503 1110
551 461 832 514 &imm

91 593 124 651 ad
152 593 311 670 infimum,
345 603 377 654 et
407 593 535 653 dabitur
564 593 620 654 tibi
650 611 832 655 summum:

91 707 155 750 nam
165 710 326 753 summum
338 710 404 752 non
415 701 478 752 stat
486 692 688 753 sineinfimo.
705 691 830 753 Summi

91 790 181 849 sancti
196 791 277 867 apud
295 791 418 850 Deum:
441 789 566 850 minimi
590 800 666 851 sunt
681 792 764 867 apud
785 809 831 852 se.

91 884 124 946 Et
148 899 262 964 quanto
290 888 518 964 gloriosiores:
546 899 634 949 tanto
658 888 691 948 in
714 905 750 948 se
773 890 831 948 hu·

89 983 230 1045 miliores.
261 985 354 1045 Pleni
371 985 506 1046 veritate
522 995 554 1046 et
567 985 669 1062 gloria
684 987 854 1047 caelestia

87 1097 145 1140 non
165 1092 239 1143 sunt
267 1099 370 1142 vanae
396 1083 518 1159 gloriae
540 1083 659 1160 cupidi.
702 1085 738 1145 In
761 1086 832 1146 Deo

88 1177 200 1240 fundati
216 1191 248 1241 et
263 1181 461 1242 confirmati:
479 1183 569 1242 nullo
584 1184 680 1243 modo
695 1194 833 1259 possunt

87 1292 154 1336 esse
174 1278 257 1338 elati.
302 1277 340 1338 Et
362 1278 416 1354 qui
445 1289 547 1339 totum
572 1280 642 1340 Deo
666 1281 833 1341 ascribunt

86 1375 231 1453 quidquid
253 1375 330 1435 boni
346 1388 552 1453 acceperunt,
573 1377 708 1454 gloriam
723 1379 762 1438 ab
785 1379 831 1438 in·

86 1471 181 1532 vicem
203 1491 268 1533 non
292 1484 469 1550 quaerunt:
492 1476 550 1535 sed
564 1475 699 1551 gloriam
716 1493 799 1553 quae
814 1490 867 1536 ato

85 1569 148 1628 solo
169 1571 238 1631 Deo
261 1581 312 1631 est
332 1572 463 1646 volunt3
493 1582 525 1633 et
547 1574 653 1633 Deum
683 1575 716 1633 in
741 1591 777 1634 se
800 1585 831 1635 et

85 1664 114 1724 in
133 1668 282 1728 omnibns
303 1668 426 1728 sanctis
451 1669 572 1729 landari
601 1688 702 1747 super
723 1672 832 1732 omnia

85 1763 224 1838 cupiunt:
247 1776 280 1825 et
301 1783 433 1843 semper
447 1765 481 1825 in
503 1767 534 1826 id
557 1767 664 1843 ipsum
684 1769 830 1830 tendunt.

85 1859 153 1922 Esto
180 1863 278 1940 igitur
305 1875 416 1940 gratus
442 1882 500 1941 pro
523 1865 674 1925 minimo:
704 1875 736 1926 et
765 1865 830 1926 eris

84 1957 191 2034 dignus
206 1960 329 2020 maiora
343 1960 502 2036 accipere.
527 1961 576 2022 Sit
590 1961 646 2021 tibi
659 1962 829 2022 minimum
841 1980 866 2020 ιε

83 2055 170 2118 etiam
181 2074 239 2134 pro
252 2058 408 2118 maximo:
425 2067 457 2118 et
472 2058 574 2134 magis
587 2059 830 2146 contemptibile

22 2163 23 2166 ’
82 2169 134 2226 pro
155 2155 288 2231 speciali
311 2156 406 2216 dono.
437 2155 470 2216 Si
493 2156 632 2233 dignitas
648 2157 768 2217 datoris
783 2158 830 2217 in·

83 2252 226 2327 spicitur:
245 2255 372 2314 nullum
388 2255 497 2314 datum
512 2271 648 2330 parvum
664 2265 718 2314 aut
732 2255 830 2314 nimis

83 2348 139 2408 vile
162 2351 335 2412 videbitur.
378 2352 453 2411 Non
483 2352 570 2412 enim
599 2370 735 2428 parvum
764 2362 830 2412 est:

82 2449 161 2521 quod
188 2467 207 2508 a
236 2466 365 2510 summo
387 2450 459 2510 Deo
486 2450 633 2511 donatur.
676 2449 779 2510 Etiam
801 2449 865 2509 sizo

22 2615 23 2624 ἵ
81 2561 195 2619 poenas
224 2555 257 2608 et
279 2547 416 2606 verbera
437 2546 579 2622 dederit,
606 2557 732 2622 gratnm
755 2563 829 2606 esse

80 2641 184 2704 debet:
220 2644 298 2720 quia
329 2661 461 2720 semper
494 2661 553 2720 pro
583 2644 688 2704 salute
719 2655 830 2704 nostra

80 2738 148 2801 lacit
177 2741 335 2818 quidquid
364 2741 459 2801 nobis
488 2740 642 2801 advenire
664 2741 829 2817 permittit.

79 2835 138 2913 Qui
167 2838 303 2914 gratiam
326 2839 387 2898 Dei
417 2838 559 2898 retinere
581 2839 759 2914 desiderat,
788 2839 829 2900 sit

78 2945 181 3008 gratus
203 2953 262 3011 pro
284 2936 385 3012 gratia
409 2936 497 2996 data:
525 2936 653 3012 patiens
674 2955 732 3013 pro
754 2936 865 2996 sub-25

77 3031 142 3093 lata.
187 3032 269 3094 Oret
291 3044 326 3093 ut
347 3033 473 3093 redeat:
503 3043 617 3093 cantus
646 3034 688 3094 sit
717 3044 748 3094 et
770 3035 828 3093 hu-

78 3129 157 3189 milis
180 3147 223 3190 ne
245 3130 378 3191 amittat.

424 3314 477 3370 88
