2142 4194
241 413 362 468 &m
433 415 471 458 DE
488 415 667 460 iMiTATIONE
682 417 806 461 CHRISTI
878 417 1004 472 &RQ
1042 457 1051 486 ἡ

243 565 380 625 magnus
395 558 535 626 putatur,
556 549 584 610 si
600 551 674 627 quis
696 561 919 627 transgressor
932 570 1003 612 non
1045 609 1051 634 ,ἶ

244 645 358 707 fuerit:
379 647 406 706 si
423 646 497 723 quis
512 649 599 725 quod
614 649 740 725 accepit
754 666 828 710 cum
844 650 1004 726 patientia
1043 637 1051 714 fs

243 744 384 803 tolerare
406 745 557 820 potuerit.
600 746 653 808 Oh
683 747 806 823 teporis
832 757 864 808 et
889 749 1003 824 negle-
1049 737 1051 814 J

242 841 371 918 gentiae
386 850 490 903 status
504 844 626 920 nostri;
641 846 728 922 quod
742 855 806 907 tam
821 845 884 907 cito
900 845 1004 907 decli·
1044 835 1051 908 ss]

141 1008 143 1013 ¹
220 956 360 999 snamus
381 958 400 1000 a
421 941 559 1016 pristino
582 943 729 1004 fervore:
752 951 784 1004 et
804 943 869 1004 iam
891 945 1005 1005 taedet

243 1036 355 1097 vivere
384 1055 461 1113 prae
490 1039 683 1101 lassitudine
712 1051 744 1102 et
764 1052 887 1117 tepore.
930 1043 1004 1102 Vti-
1047 1098 1049 1102 .

242 1151 316 1194 nam
340 1135 373 1195 in
390 1144 422 1196 te
437 1137 568 1212 penitus
583 1155 649 1198 non
665 1138 817 1200 dormitet
831 1139 1004 1215 profectus

242 1232 415 1293 virtutum:
438 1234 493 1310 qui
515 1236 618 1296 multa
635 1237 768 1312 saepius
782 1237 931 1312 exempla
952 1238 1004 1297 vi·
1050 1223 1052 1302 J

243 1330 317 1390 disti
341 1331 543 1392 devotorum.
1051 1325 1052 1330 ¹

208 1546 233 1586 10
264 1525 320 1584 oe
344 1526 589 1588 exeremus
613 1528 721 1590 eom
746 1528 981 1590 nummosi

473 1680 678 1731 CAPITVLVM
696 1682 762 1731 XIX.

242 1753 493 1986 fflltaboni
505 1817 648 1894 religiosi
661 1817 813 1878 omnibus
823 1817 1004 1880 virtutibus
1047 1875 1050 1882 .

379 1915 503 1991 pollere
519 1915 631 1976 debet:
654 1924 689 1976 ut
704 1915 746 1976 sit
760 1916 1004 1994 talis-interius,
1050 1975 1052 2000 ἐ

243 2011 348 2087 qualis
377 2011 506 2072 videtur
536 2011 726 2073 hominibus
756 2013 910 2075 exterius.
961 2016 1004 2076 Et
1050 2003 1052 2077 Ῐ,

209 2108 358 2169 mmerito
381 2110 483 2169 multo
505 2111 579 2186 plus
594 2110 691 2170 debet
706 2127 781 2171 esse
797 2111 885 2172 intus
900 2130 1002 2188 quam
1044 2174 1046 2185 ,

243 2205 329 2282 quod
345 2206 490 2266 cernitur
505 2207 599 2268 ioris:
615 2208 692 2284 quia
706 2209 872 2284 inspector
887 2218 1005 2270 noster

243 2312 293 2364 est
329 2304 439 2380 Deus3
474 2323 572 2382 quem
609 2322 818 2382 summopere
854 2309 1003 2368 revereri

242 2401 401 2462 debemus
429 2402 628 2481 ubicumque
654 2404 831 2464 fuerimus:
860 2414 893 2465 et
921 2414 1005 2465 tam-

242 2517 338 2576 quam
369 2501 474 2576 angeli
506 2501 540 2562 in
572 2511 750 2578 conspectu
782 2501 855 2562 eius
885 2504 1004 2564 mundi

206 2597 406 2659 zoincedere.
449 2598 549 2660 Omni
579 2599 631 2658 die
659 2615 818 2659 renovare
841 2599 1005 2662 debemus

242 2696 444 2772 propositum
467 2706 628 2769 nostrum,
649 2705 682 2756 et
703 2696 742 2756 ad
758 2697 921 2758 fervorem
939 2716 1004 2759 nos

242 2794 400 2854 excitare:
433 2793 525 2871 quasi
557 2794 655 2854 hodie
683 2794 823 2870 primum
855 2795 894 2855 ad
924 2813 1004 2856 con·

242 2889 429 2951 versionem
446 2891 665 2967 venissemus
680 2901 777 2968 atque
788 2892 907 2953 dicere.
935 2892 1004 2954 Ad·
1052 2885 1053 2896 ³

242 2988 317 3048 iuva
332 3006 385 3050 me
402 2990 542 3050 Domine
560 2993 651 3051 Deus
673 2991 808 3050 inbono
831 2990 1003 3065 proposito

206 3095 274 3148 zset
295 3097 408 3147 sancto
431 3088 566 3149 servitio
588 3098 662 3164 tuo;
690 3098 722 3148 et
744 3089 789 3148 da'
807 3087 887 3146 mihi
910 3104 1002 3148 nunc

241 3185 339 3245 hodie
367 3187 513 3261 perfecte
542 3187 704 3262 incipere:
734 3186 810 3264 quia
837 3185 919 3245 nihil
950 3196 1004 3247 est

242 3283 327 3360 quod
350 3284 509 3344 hactenus
532 3284 605 3344 feci.
642 3284 829 3345 Secundum
852 3286 1003 3360 proposi-

241 3390 308 3440 tum
332 3390 480 3440 nostrum
504 3399 621 3442 cursus
636 3382 804 3458 profectus
823 3382 945 3442 nostri:
967 3393 1003 3444 et

242 3479 342 3538 multa
365 3478 531 3555 diligentia
553 3497 636 3555 opus
661 3489 710 3539 est
732 3481 816 3540 bene
838 3479 1004 3555 proficere

607 3584 635 3626 az
