2146 4194
211 465 332 518 &m
403 464 442 506 DE
458 463 636 506 IMITATIONE
652 462 775 505 CHRISTI
848 461 970 514 m&

213 598 432 659 consuetudo:
448 597 505 657 sed
522 597 648 656 meliori
664 595 903 657 consuetudine
917 597 968 656 de·
1055 643 1056 653 ,

213 696 372 757 vincetur.
416 693 680 755 Remurmurabit
704 711 795 754 cero:
824 694 883 753 sed
907 693 969 753 ler-
1052 667 1058 760 I

213 811 292 854 vore
324 793 458 869 spiritus
494 791 682 852 frenabitur.
735 791 902 869 InstIgabit
939 801 970 851 et

213 891 418 951 exacerbabit
433 900 464 950 te
479 906 618 966 serpens
633 889 804 966 antiquus3
825 889 884 949 sed
899 906 969 948 ora·

190 989 302 1050 stione
325 987 502 1065 fugabitur:
535 987 669 1062 insuper
698 995 729 1047 et
757 987 867 1046 labore
897 986 968 1046 utili

212 1087 319 1147 editus
341 1085 370 1146 ei
393 1083 530 1162 magnus
552 1085 747 1144 obstruetur.

214 1281 270 1342 DE
282 1277 585 1343 OBOEDffiNTm
597 1279 781 1340 HVMILIS
793 1278 969 1340 SVBDITI

262 1378 321 1439 Ab
346 1377 591 1438 EXEMPLVM
616 1376 711 1438 IESV
734 1376 924 1439 CHRISTI.

444 1533 651 1585 CAPITVLVM
669 1533 738 1582 XIII.

126 1675 133 1688 ·
180 1615 373 1830 roffi-&lli
416 1671 481 1749 Qui
512 1687 549 1731 se
577 1671 770 1731 subtrahere
795 1668 910 1729 nititur
932 1669 972 1728 ab

345 1768 567 1830 oboedientia:
595 1768 667 1844 ipse
696 1785 733 1828 se
762 1767 926 1828 subtrabit
955 1784 973 1826 a

212 1868 322 1944 gratia.
373 1867 411 1927 Et
441 1865 496 1943 qui
526 1864 652 1942 quaerit
680 1865 801 1925 habere
830 1865 973 1941 privata:
1063 1859 1064 1868 ’

213 1966 330 2027 emittit
351 1963 547 2026 communie.
589 1962 655 2039 Qui
684 1979 749 2022 non
778 1962 920 2022 libenter
942 1971 974 2022 et

214 2073 330 2139 sponte
359 2080 419 2123 suo
442 2062 603 2138 superiori
626 2079 662 2123 se
687 2061 812 2136 subdit3
840 2061 974 2138 signum
1064 2129 1065 2132 Ἴ

180 2171 264 2220 nest
286 2160 372 2238 quod
394 2177 469 2220 caro
492 2177 551 2220 sua
573 2159 713 2220 necdum
740 2159 888 2236 perfecte
909 2159 974 2219 sibi
1064 2187 1065 2190 ¹

214 2258 360 2318 oboedit:
390 2257 448 2317 sed
471 2274 569 2335 saepe
591 2259 772 2320 recalcitrat
793 2268 826 2318 et
847 2275 976 2318 remur·
1064 2325 1065 2336 χ

214 2365 329 2416 murat.
359 2355 459 2415 Disce
474 2370 551 2431 ergo
567 2355 718 2415 celeriter
739 2356 900 2433 superiori
917 2366 976 2416 tuo
1063 2349 1065 2394 J

214 2463 246 2512 te
268 2452 477 2512 submittere:
499 2452 527 2511 si
551 2468 682 2512 carnem
700 2453 862 2530 propriam
879 2462 977 2529 optas
1064 2487 1065 2530 3

215 2550 399 2627 subiugare.
443 2550 552 2612 Citius
575 2568 715 2628 namque
739 2550 881 2610 exterior
902 2550 977 2610 vin*
1064 2565 1065 2570 ¹

178 2648 299 2708 accitur
310 2648 479 2709 inimicus:
495 2649 523 2709 si
540 2649 676 2711 interior
686 2651 784 2709 homo
795 2665 860 2709 non
874 2649 979 2710 luerit

215 2748 412 2807 devastatus.
457 2747 531 2807 Non
554 2757 605 2808 est
634 2746 804 2807 molestior
827 2755 859 2806 et
880 2747 980 2822 peior

215 2845 342 2904 animae
371 2846 491 2906 hostis:
521 2863 617 2923 quam
647 2855 681 2906 tu
710 2846 780 2922 ipse
802 2843 877 2919 tibi,
905 2861 977 2905 non

215 2942 299 3002 bene
328 2943 530 3003 concordans
559 2943 697 3020 spiritui.
740 2943 878 3019 Oportet
905 2959 978 3003 om-

215 3039 293 3099 nino
316 3057 430 3100 verum
453 3051 484 3101 te
506 3058 675 3102 assumere
695 3041 743 3102 tui
767 3041 872 3116 ipsius
897 3057 979 3101 con·

179 3156 206 3198 25
215 3147 390 3213 temptum:
413 3138 440 3197 si
462 3138 512 3198 vis
528 3140 716 3215 praevalere
731 3139 889 3199 adversus
905 3155 980 3198 car-

216 3252 291 3295 nem
321 3245 353 3295 et
384 3235 587 3312 sanguinem.
629 3236 716 3313 Quia
744 3235 849 3295 adhuc
874 3235 980 3296 nimis

216 3331 398 3392 inordinate
427 3343 459 3392 te
489 3332 613 3410 diligis:
642 3333 716 3394 ideo
745 3333 841 3410 plene
870 3342 902 3393 te
924 3350 980 3393 re-

217 3429 346 3506 signare
368 3429 504 3489 aliorum
529 3430 687 3490 voluntati
712 3431 864 3508 trepides.
907 3429 979 3492 Sed

217 3526 294 3602 quid
309 3543 472 3602 magnum,
494 3527 522 3587 si
538 3538 572 3589 tu
588 3529 643 3604 qui
659 3528 767 3605 pulvis
782 3545 819 3588 es
834 3537 866 3590 et
881 3527 979 3606 nihil,

577 3630 615 3672 ree
