2178 4186
253 438 414 492 mm
446 437 485 480 DE
501 437 688 480 elevatione
703 437 816 481 neuris
849 438 1018 490 &m

254 571 331 632 tudo
353 580 558 647 sanctorum3
583 571 796 649 omniumque
817 571 1016 632 caelestium

255 668 411 729 virtutum
433 678 565 729 aeterna
594 669 720 729 fruitio:
749 686 789 729 ex
810 686 875 746 quo
900 669 1018 730 omnia

254 784 420 844 perquem
432 767 541 827 omnia
555 766 589 827 in
604 784 669 844 quo
685 767 804 843 omnia,
819 767 1017 843 procedunt,

254 864 454 939 consistunt,
482 873 515 926 et
535 863 761 925 terminantur.
804 865 906 925 Notas
929 865 1015 925 mihi

231 961 304 1022 stac
326 962 397 1022 vias
418 971 490 1022 tuas
512 971 544 1022 et
565 961 700 1022 semitas
721 970 794 1021 tuas
814 961 917 1023 edoce
940 979 1016 1022 me:

253 1059 406 1136 quoniam
442 1059 515 1119 viae
550 1068 624 1119 tuae
660 1058 732 1119 viae
767 1059 943 1135 pulchrae,
980 1070 1016 1120 et
1057 1057 1058 1062 ’

254 1155 513 1218 omnessemitae
522 1165 597 1216 tuae
605 1155 769 1232 pacificae.
785 1157 878 1217 Beati
887 1159 1015 1218 mundo

254 1253 352 1313 corde
374 1263 406 1314 et
427 1254 511 1314 beati
534 1253 677 1330 pacilici:
706 1254 778 1315 viae
806 1265 883 1316 sunt
905 1267 938 1316 et
960 1273 1015 1315 se-

254 1351 352 1412 mitae
380 1351 419 1412 ad
450 1351 668 1428 cognitionem
697 1351 783 1412 vitae
812 1353 1015 1430 contempla-

220 1449 349 1509 rotivae.
402 1448 626 1521 Laborandum
663 1466 739 1526 ergo
770 1449 944 1527 diligenter
980 1460 1014 1511 et

254 1546 428 1606 orandum:
451 1557 486 1607 ut
507 1546 546 1605 ab
566 1546 654 1606 omni
678 1545 769 1606 faece
784 1546 937 1608 vitiorum
954 1564 1015 1607 cor

255 1642 445 1705 mundetur:
473 1652 506 1704 et
532 1643 580 1703 sic
609 1643 691 1704 liber
712 1643 751 1703 ad
774 1645 880 1705 Deum
903 1653 1014 1721 pateat

254 1757 419 1801 accessus.

295 1837 363 1898 Oro
385 1847 418 1898 te
433 1839 525 1898 Deus
541 1855 635 1899 meus
650 1846 682 1899 et
697 1854 814 1914 precor
830 1847 861 1898 te
877 1855 918 1898 ex
932 1837 1013 1899 totis

220 1956 244 1996 ιε
254 1936 378 1997 intimis
400 1935 499 1997 meis:
522 1934 624 1996 libera
639 1951 692 1995 me
714 1944 747 1996 et
768 1934 857 2011 eripe
875 1935 1013 1996 distrac-

253 2043 322 2094 tum
354 2041 385 2094 et
416 2031 579 2110 captivum
610 2032 755 2093 animum
786 2033 825 2092 ab
856 2033 1012 2093 omnibus

254 2132 365 2192 mundi
403 2130 680 2208 concupiscentiis
715 2140 747 2193 et
786 2131 1012 2207 corporalibus

254 2227 466 2306 imaginibus3
489 2240 523 2290 ut
538 2239 569 2290 te
589 2228 696 2305 ipsum
719 2227 754 2288 in
770 2245 822 2289 me
843 2227 916 2304 ipso
938 2228 1012 2289 illu·

254 2325 373 2387 minata
389 2326 514 2388 ratione
529 2325 712 2386 inveniam:
727 2324 782 2402 qui
799 2342 851 2385 me
866 2324 905 2385 ad
921 2334 1010 2385 tuam

216 2441 243 2482 ao
254 2422 429 2500 pretiosam
441 2434 473 2484 et
483 2421 764 2499 incorruptibilem
777 2421 882 2483 fecisti
899 2421 1011 2500 imagi·

253 2536 339 2580 nem.
382 2520 457 2580 Non
479 2519 567 2580 enim
597 2520 630 2580 in
653 2519 761 2596 aliqua
783 2519 894 2582 mundi
921 2537 1011 2582 crea·

253 2628 325 2678 tura
339 2627 427 2679 tanta
442 2619 567 2679 relucet
582 2617 761 2691 sapientiae
778 2626 853 2678 tuae
867 2616 1010 2693 pulchri·

253 2716 330 2775 tudo
342 2725 374 2775 et
389 2714 585 2790 similitudo;
600 2714 685 2774 sicut
700 2714 734 2775 in
749 2713 892 2775 hominis
902 2715 1009 2775 anima

253 2828 350 2888 quam
382 2811 428 2873 tui
461 2829 613 2888 capacem
643 2811 766 2874 iecisti:
797 2820 828 2870 et
856 2811 1008 2872 omnibus

216 2929 243 2970 25
253 2910 412 2971 creaturis
428 2927 486 2986 per
506 2909 664 2970 rationem
687 2908 940 2970 intellectualem
956 2928 1008 2971 ex·

253 3005 489 3068 cellentissime
500 3007 697 3084 praefecisti.
720 3007 1007 3084 Elevaergomen·

253 3114 318 3164 tem
341 3121 447 3164 meam
469 3105 508 3164 ab
528 3104 680 3165 omnibus
702 3103 852 3180 terrenis,
874 3114 906 3164 et
923 3105 1006 3182 puri-

254 3201 315 3261 lica
343 3201 451 3262 cordis
476 3201 540 3262 mei
570 3200 778 3262 affectiones:
807 3218 928 3262 renova
956 3220 1005 3264 me

253 3298 434 3358 secundum
466 3298 655 3359 interiorem
685 3296 869 3373 hominem,
900 3308 932 3358 et
959 3315 1006 3359 re·

216 3395 357 3458 aoiorma
383 3395 558 3472 imaginem
589 3406 676 3456 tuam
703 3413 762 3472 per
783 3395 1004 3471 septiformem

254 3493 394 3570 Spiritus
405 3494 508 3554 sancti
519 3492 670 3570 gratiam3
685 3511 780 3570 quarn
792 3493 1003 3553 immortalem

611 3599 652 3640 too
