2160 4194
103 444 858 508 mmmmm

104 587 182 649 vitia
200 587 368 648 abhorret:
391 585 569 663 scripturas
589 593 683 660 amat,
705 582 857 660 precibus

105 686 244 746 insudat.
287 686 377 746 Doce
398 684 596 761 sapientem,
622 693 654 743 et
675 681 794 742 amabit
815 690 857 741 te.

106 783 249 844 Securus
273 783 306 844 in
328 782 424 843 bonis
445 782 608 842 ambulas:
636 781 664 841 si
687 781 771 841 mala
791 797 857 840 non

105 882 234 942 lateant.

146 977 334 1054 Capitulum
357 993 433 1054 ergo
456 977 623 1052 culparum
645 975 703 1037 tibi
725 975 881 1038 noveriss

105 1076 354 1155 diligentissime
390 1091 466 1135 esse
502 1074 709 1135 servandum.
762 1074 858 1134 Multi

105 1183 294 1251 computant
315 1172 472 1250 pecunias
494 1182 526 1233 et
548 1189 708 1249 expensas
733 1189 859 1235 rerum:

105 1273 199 1350 pauci
222 1272 457 1334 conscientiam
481 1284 512 1334 et
534 1269 756 1349 neglegentias
779 1279 859 1330 tem·

104 1388 220 1449 porum
253 1369 441 1431 discutiunt.
494 1369 636 1447 ideoque
668 1367 770 1445 magis
806 1366 859 1426 de·

106 1468 229 1544 ficiunt,
243 1485 340 1546 quam
356 1466 540 1545 proliciunt.
570 1467 762 1544 Loquuntur
776 1465 860 1524 bona
871 1478 895 1519 ro
910 1543 913 1546 ῃ

105 1575 139 1627 et
154 1584 219 1627 non
237 1566 376 1642 iaciunt;
398 1565 602 1626 detestantur
615 1565 699 1624 mala
720 1563 753 1622 in
771 1562 860 1622 aliis:

105 1682 143 1725 se
165 1664 255 1740 ipsos
277 1673 384 1725 autern
407 1664 584 1740 neglegunt
605 1662 639 1722 in
655 1661 776 1722 multis.
811 1658 859 1720 Tu

104 1779 185 1823 vero
207 1761 300 1822 aliter
321 1760 489 1822 institutus
511 1777 558 1821 es.
588 1760 626 1821 Et
647 1759 674 1820 si
691 1775 768 1819 vere
787 1775 860 1835 pro-

105 1861 205 1922 licere
227 1859 327 1920 velis:
356 1857 444 1919 omni
467 1873 606 1934 vespere
634 1868 667 1918 te
696 1856 860 1916 discutere

104 1976 173 2020 non
188 1957 328 2019 omittas.
352 1955 449 2033 Quod
465 1954 635 2030 sinceris,
650 1954 860 2015 renovaberis
871 1967 896 2008 rs

104 2055 223 2132 spiritu
245 2053 380 2115 mentis:
410 2061 442 2113 et
463 2069 576 2128 pacem
600 2051 730 2112 habebit
757 2051 861 2112 taber·

104 2154 258 2214 naculum
281 2161 383 2212 tuum.
413 2151 536 2212 Secure
559 2150 718 2212 dormies:
741 2160 773 2211 et
794 2167 860 2210 non

105 2251 169 2312 erit
184 2251 238 2329 qui
255 2259 416 2311 exterreat
428 2250 653 2327 quiescentem
669 2247 703 2307 in
715 2247 860 2310 Christo.

104 2349 229 2409 Mirum
246 2348 339 2408 valde
362 2358 394 2409 et
415 2348 621 2408 tremendum
637 2346 752 2424 nimis3
774 2346 861 2423 quod

105 2445 182 2522 quis
204 2445 320 2506 audeat
347 2445 396 2506 ire
417 2445 611 2521 dormitum,
639 2445 747 2522 aliquo
771 2444 897 2522 gravizo

105 2544 226 2605 delicto
252 2554 446 2619 occupatus:
475 2560 540 2603 non
570 2552 784 2619 compunctus
806 2558 861 2601 ne·

105 2658 172 2719 que
201 2641 384 2702 confessus.
428 2642 491 2701 Pro
521 2641 629 2716 dolor,
658 2640 769 2715 plures
791 2656 862 2715 per-

105 2739 179 2815 cepi
202 2739 234 2799 in
257 2755 316 2798 sua
338 2737 461 2799 malitia
482 2746 513 2798 et
535 2747 742 2814 peccatorum
766 2737 862 2798 faeci·

49 2835 54 2842 '
104 2838 169 2898 bus
197 2837 303 2898 subita
325 2843 429 2896 morte
457 2834 633 2895 extinctos:
662 2844 694 2895 et
715 2835 860 2895 omnium

105 2934 287 2995 amicorum
310 2934 433 2995 solacio
455 2933 651 2994 destitutos.¹
674 2932 725 2994 Ad
748 2945 898 2994 caven-25

104 3034 180 3093 dam
211 3047 288 3108 ergo
317 3031 542 3093 detestabilem
565 3031 803 3108 neglegentiam
829 3030 862 3089 in

105 3129 348 3192 examinatione
384 3127 607 3189 conscientiae
638 3129 788 3206 propriae
823 3128 863 3189 de

104 3230 197 3292 omni
215 3229 315 3289 verbo
338 3237 370 3288 et
391 3243 502 3304 opere,
524 3226 681 3287 iudicium
705 3226 760 3286 tibi
784 3227 864 3286 hora

105 3325 300 3404 congruenti
331 3334 454 3386 statue:
478 3335 521 3385 et
552 3324 710 3384 rationem
742 3323 863 3383 villica·

104 3425 208 3486 tionis
229 3435 337 3484 tuaea
358 3432 391 3483 te
413 3423 485 3499 ipso
501 3423 594 3500 exige
610 3423 731 3483 stricte.
761 3422 900 3483 serveo

104 3523 193 3583 male
222 3531 254 3582 et
281 3520 389 3598 piger,
419 3521 470 3580 dic
499 3521 639 3598 qualiter
660 3522 747 3580 hunc
776 3519 862 3579 diem

466 3625 507 3667 sto
