2138 4196
76 469 359 522 mm
426 469 488 510 1112
552 469 834 522 ffifflffiffl‘&

77 602 130 664 liet
146 603 210 663 cito
226 603 345 663 melius
361 612 393 662 et
408 620 521 680 pacem
539 602 699 663 invenies.
729 602 832 662 Etiam

76 702 102 761 si
126 711 238 777 raptus
261 699 364 760 fueris
385 700 543 778 usquead
559 700 690 760 tertium
707 700 833 759 caelum

76 815 151 858 cum
174 798 292 858 Paulo:
322 814 387 857 non
410 814 446 856 es
468 807 640 873 propterea
663 807 834 857 securatus

77 897 116 957 de
137 897 229 956 nullo
252 894 414 955 contrario
436 894 597 970 patiendo.
641 895 707 971 Ego
729 895 834 971 inquit

78 994 171 1054 Iesus
183 993 354 1054 ostendam
376 992 440 1052 illi:
463 1001 583 1070 quanta
597 1003 743 1068 oporteat
758 1009 857 1053 eums

77 1110 134 1169 pro
157 1092 291 1153 nomine
314 1108 387 1151 meo
409 1091 484 1168 pati.
515 1090 583 1150 Pati
607 1107 683 1167 ergo
706 1089 762 1150 tibi
785 1107 834 1149 re·

77 1199 202 1250 manet:
225 1189 253 1248 si
277 1189 386 1249 Iesum
409 1189 545 1266 diligere
563 1198 595 1248 et
608 1197 765 1265 perpetue
787 1188 833 1247 illi

77 1288 203 1348 servire
225 1287 340 1363 placet.
370 1287 501 1346 Vtinam
524 1287 641 1363 dignus
663 1303 757 1346 esses
779 1285 834 1345 ali-

77 1384 154 1461 quid
176 1402 235 1460 pro
257 1383 391 1444 nomine
406 1384 482 1443 lesu
497 1383 578 1460 pati:
600 1401 697 1460 quam
719 1401 835 1461 magna

76 1483 179 1559 gloria
207 1490 392 1543 remaneret
422 1481 499 1564 tibi;
530 1492 649 1559 quanta
679 1483 833 1543 exultatio
846 1503 870 1544 ro

78 1580 231 1640 omnibus
242 1579 364 1640 sanctis
376 1579 453 1639 Dei:
468 1591 588 1656 quanta
603 1597 733 1658 quoque
748 1581 833 1640 aedi·

79 1677 185 1739 ficatio
214 1688 304 1737 esset
333 1677 482 1753 proximi.
532 1677 615 1737 Nam
647 1677 832 1752 patientiam

78 1793 193 1836 omnes
231 1775 516 1835 recommendant:
555 1775 705 1851 quamvis
740 1775 833 1851 pauci

77 1882 185 1933 tamen
198 1873 262 1948 pati
273 1871 384 1933 velint.
417 1872 536 1932 lllerito
547 1872 685 1932 deberes
695 1872 835 1932 libenter

79 1971 243 2031 modicum
274 1970 338 2046 pati
368 1987 425 2046 pro
456 1969 605 2031 Christo:
637 1987 710 2029 cum
741 1970 832 2030 multi
846 1992 870 2032 rs

77 2069 227 2145 graviora
248 2068 413 2144 patiuntur
434 2085 492 2144 pro
515 2068 646 2128 mundo.

119 2165 212 2226 Scias
243 2180 301 2239 pro
332 2174 439 2225 certo:
471 2165 547 2241 quia
578 2165 770 2226 morientem
802 2175 833 2226 te

78 2272 205 2341 oportet
234 2262 355 2321 ducere
384 2263 492 2322 vitam.
536 2263 574 2323 Et
602 2272 721 2340 quanto
747 2263 833 2340 quis·

79 2377 141 2438 que
163 2359 239 2436 plus
261 2359 323 2418 sibi
346 2359 498 2419 moritur:
527 2368 614 2419 tanto
637 2360 739 2437 magis
762 2361 833 2420 Deo

5 2479 7 2492 r
78 2458 190 2518 vivere
212 2456 335 2533 incipit.
378 2457 484 2517 Nemo
505 2467 599 2532 aptus
622 2467 672 2516 est
693 2457 732 2517 ad
748 2475 869 2518 com-ao

78 2554 348 2631 prehendendum
383 2553 551 2614 caelestia:
587 2553 650 2614 nisi
687 2571 723 2613 se
759 2555 834 2613 sub-

79 2651 205 2713 miserit
234 2651 273 2710 ad
303 2651 495 2727 portandum
527 2669 585 2727 pro
615 2651 750 2713 Christo
781 2652 833 2711 ad-

78 2767 183 2810 versa.
235 2748 325 2808 Nihil
357 2749 427 2807 Deo
463 2749 628 2824 acceptius
664 2749 746 2809 nihil
776 2749 832 2808 tibi

78 2847 244 2908 salubrius
265 2847 299 2905 in
321 2845 442 2904 mundo
463 2845 543 2906 isto:
572 2864 668 2924 quam
695 2847 834 2907 libenter

77 2945 140 3021 pati
166 2961 227 3021 pro
249 2943 394 3005 Christo.
438 2943 476 3004 Et
505 2945 532 3004 si
562 2945 746 3021 eligendum
776 2946 869 3006 tibias

5 3077 8 3090 ι
78 3055 183 3104 esset:
206 3041 309 3118 magis
331 3050 442 3116 optare
465 3041 602 3101 deberes
624 3060 682 3118 pro
698 3043 833 3105 Christo

77 3142 216 3201 adversa
237 3139 301 3216 pati
318 3157 414 3217 quam
430 3139 541 3200 multis
557 3140 833 3200 consolationibus

77 3238 237 3313 recreari;
259 3237 335 3315 quia
352 3237 488 3299 Christo
510 3237 649 3297 similior
670 3254 779 3296 esses:
802 3248 834 3298 et

77 3337 231 3397 omnibus
253 3336 375 3397 sanctis
398 3336 499 3414 magis
515 3335 722 3396 conformior.
758 3335 832 3395 Non

78 3437 166 3496 enim
189 3443 252 3496 stat
274 3435 426 3495 meritum
447 3445 595 3494 nostrum
618 3443 650 3493 et
666 3433 869 3510 proiectusao

78 3542 181 3595 status
214 3533 316 3594 nostri
348 3533 381 3592 in
412 3533 523 3593 multis
555 3532 769 3592 suavitatibus
800 3541 833 3590 et

443 3635 469 3677 aa
