2178 4186
101 403 144 454 <33
155 401 259 444 BREVIS
270 401 448 444 nontontTlo
461 401 644 445 SPIRITVALIS
658 402 809 445 EXERCITII
819 404 860 456 X&

104 545 137 596 et
158 553 224 597 non
246 536 367 597 timebo
389 536 467 613 quid
490 536 585 597 faciat
606 536 686 596 mihi
710 554 784 596 caro
806 538 858 597 vei

103 633 213 693 homo.
258 634 400 694 Domine
429 634 503 694 lesu
533 643 603 694 esto
631 644 666 695 tu
696 634 858 712 refugium

103 746 231 791 meum:
254 741 286 790 et
307 731 440 791 unicum
457 731 614 791 solacium
630 748 750 793 meum.
782 732 858 793 Esto

102 838 138 888 tu
163 829 316 904 specialis
344 830 469 890 amicus
498 847 610 890 meus:
639 830 715 908 quia
743 847 859 891 omnes

102 926 199 986 amici
222 927 286 987 mei
302 945 355 989 me
377 929 590 1005 reliquerunt.
626 928 703 989 Esto
725 939 759 989 tu
782 937 882 1005 spes⁵

103 1041 193 1084 mea:
215 1025 291 1101 quia
312 1043 396 1087 vana
410 1043 487 1103 spes
502 1027 535 1087 in
551 1026 749 1087 hominibus.
782 1026 858 1087 Esto

101 1132 137 1184 tu
159 1123 311 1199 gaudium
334 1141 445 1184 meum
465 1133 497 1184 et
518 1123 639 1183 laetitia
654 1124 763 1184 cordis
777 1123 859 1184 mei:

102 1221 180 1297 quia
202 1239 298 1282 omne
319 1221 472 1299 gaudium
495 1221 608 1281 mundi
630 1231 733 1282 totum
752 1221 858 1282 inane.

102 1319 181 1379 Esto
197 1328 231 1380 tu
247 1321 312 1380 dux
326 1336 421 1380 meus
437 1328 469 1380 et
483 1328 581 1379 notus
596 1335 690 1379 meus
706 1327 738 1378 et
748 1317 859 1378 socius

101 1434 198 1477 meus
219 1417 253 1477 in
275 1417 328 1496 via
349 1434 413 1495 qua
434 1416 580 1477 ambulo:
611 1415 686 1492 quia
707 1415 859 1475 homines
870 1426 895 1467 10

101 1514 167 1574 cito
190 1515 342 1575 deficient
365 1523 396 1574 et
418 1513 608 1573 auferentur
630 1531 648 1573 a
669 1530 731 1573 me.
769 1513 805 1573 In
826 1522 858 1573 te

12 1687 14 1694 Ι
101 1612 243 1672 cantatio
265 1629 338 1672 mea
359 1612 392 1672 in
415 1620 447 1671 te
465 1611 644 1671 consolatio
660 1628 748 1671 mea:
770 1611 804 1670 in
827 1621 859 1671 te

100 1719 170 1770 tota
198 1709 315 1770 fiducia
343 1725 424 1768 mea.
468 1707 521 1768 Sis
549 1717 583 1768 tu
613 1708 702 1768 salus
731 1724 803 1768 mea
828 1717 859 1768 et

101 1808 209 1867 honor
227 1823 338 1867 meus:
360 1823 452 1865 amor
466 1822 560 1865 meus
576 1815 608 1866 et
623 1806 760 1866 dulcedo
776 1822 858 1866 mea.

101 1906 154 1965 Da
174 1903 254 1965 mihi
277 1920 386 1964 amare
409 1919 540 1963 crucem
558 1911 663 1964 tuam:
686 1913 718 1964 et
739 1902 856 1963 imitari
870 1915 895 1956 ιε

99 2002 240 2078 vestigia
261 2001 425 2078 passionis
453 2011 538 2062 tuae.
581 2000 695 2062 Scribe
723 2003 860 2062 vulnera

99 2112 158 2163 tua
166 2100 206 2182 in
222 2101 320 2161 corde
335 2117 426 2176 me03
442 2108 474 2159 et
489 2099 529 2159 da
544 2099 624 2159 mihi
641 2116 680 2159 ex
695 2099 858 2160 desiderio

100 2198 268 2259 sustinere
298 2197 496 2274 improperia
529 2207 561 2256 et
591 2196 727 2257 iniurias
759 2198 859 2257 unde-

100 2313 244 2374 cumque
266 2295 387 2356 illatas:
410 2304 442 2356 et
462 2294 520 2355 tibi
536 2294 730 2370 configurari
746 2294 779 2354 in
795 2293 860 2354 vita

101 2403 135 2453 et
157 2393 190 2453 in
206 2402 320 2453 morte.
349 2392 397 2453 Tu
419 2392 499 2452 mihi
515 2393 628 2453 vivere
644 2391 707 2452 sis:
730 2400 761 2451 et
776 2391 896 2451 morino

100 2506 162 2567 pro
183 2499 215 2550 te
237 2490 364 2550 lucrum
387 2506 539 2566 magnum
561 2488 719 2549 videatur.

162 2710 219 2772 DE
241 2709 548 2772 MEDITATIONE
572 2708 801 2771 PASSIONIS

389 2806 577 2869 CHRISTI.

102 2917 297 3138 Qum
324 2979 409 3039 bona
437 2978 565 3038 confert
593 2977 703 3054 passio
732 2976 857 3038 Christi

104 3032 116 3112 ς
251 3076 441 3154 frequenter
465 3076 610 3152 cogitata.
653 3076 692 3136 Et
716 3075 896 3153 quando-25

101 3189 244 3250 cumque
266 3173 388 3252 aliquid
402 3173 608 3234 adversitatis
626 3174 678 3233 vel
693 3173 859 3250 gravitatis

101 3280 194 3332 extra
207 3272 260 3331 vel
275 3271 360 3331 intra
373 3271 566 3348 occurrerit3
581 3281 658 3332 tunc
674 3271 860 3348 specialiter

101 3377 152 3429 est
174 3369 409 3429 recurrendum
438 3369 478 3429 ad
505 3369 693 3446 passionem
717 3369 859 3431 Christi:

102 3477 134 3527 et
155 3467 371 3543 pensandum,
392 3476 513 3542 quanta
527 3467 689 3527 Dominus
704 3467 859 3528 sustinuit

460 3571 501 3613 no
