2178 4186
228 452 269 502 &3
280 449 385 494 BREVIS
395 449 573 494 lulioramo
587 449 770 494 seluttvnlls
784 451 936 495 EXERClTll
945 453 984 504 [Θ

229 601 303 644 cum
332 600 426 644 orare
454 600 519 644 non
548 583 636 645 libet.
680 585 753 646 Non
782 594 832 646 est
858 587 984 647 otiosus

228 681 283 760 qui
306 681 485 758 scripturas
507 683 584 759 legit
599 694 654 743 aut
675 683 784 760 legere
802 684 908 744 audit:
931 694 984 744 aut

229 780 269 839 de
291 778 341 840 eis
361 779 537 841 meditatur
557 788 589 840 et
608 781 760 843 ruminat.
795 781 845 843 Fit
858 783 982 844 homini

229 879 349 938 chorus
372 877 558 954 paradisus:
587 878 615 938 si
637 877 751 955 incipit
774 879 929 941 delectari
951 880 983 941 in

206 974 381 1036 somnibus
403 975 524 1036 divinis
546 975 726 1051 scripturis.

341 1204 398 1265 DE
418 1205 600 1267 VIGlLlIS
626 1204 878 1267 mnTvT1N18.

228 1315 986 1534 &mnimedianoctestatimutsuscitatus

232 1491 258 1534 ts
371 1473 473 1534 fueris
489 1491 586 1550 surge
601 1474 816 1559 alacriterztet
830 1491 987 1551 praepara

230 1587 286 1631 cor
313 1579 404 1631 tuum
434 1573 474 1632 ad
498 1572 697 1649 vigilandum
727 1582 758 1635 et
779 1573 985 1651 psallendum
1066 1649 1067 1654 ἵ

195 1686 220 1728 to
230 1668 372 1730 Domino
394 1669 427 1729 in
443 1671 565 1732 laetitia
580 1680 612 1731 et
627 1671 835 1732 exultatione.
865 1671 900 1731 si
920 1688 985 1731 non

229 1766 331 1826 habes
352 1767 559 1829 devotionem
581 1769 615 1829 in
630 1770 741 1845 choro,
762 1769 865 1845 psalle
880 1786 986 1846 aequo
1068 1838 1069 1842 Ἰ

229 1863 355 1925 animo:
386 1873 419 1926 et
449 1875 584 1942 expecta
614 1867 748 1943 gratiam
781 1865 914 1927 Domini
946 1866 986 1926 de

230 1963 329 2022 caelo.
366 1962 470 2040 Saepe
487 1964 541 2024 dat
555 1964 717 2024 Dominus
739 1963 774 2024 in
796 1964 877 2024 line:
900 1964 986 2041 quod
1069 2039 1070 2044 ἵ

230 2069 304 2121 ante
332 2060 418 2122 iuste
446 2061 627 2139 denegavit.
675 2061 754 2124 Vult
784 2061 871 2138 quod
900 2061 986 2122 labo-

195 2173 357 2218 rsremus:
383 2159 452 2219 vult
473 2160 560 2236 quod
581 2159 742 2236 patienter
762 2168 985 2237 expectemus.

229 2254 308 2315 Vult
329 2255 415 2332 quod
436 2266 562 2333 gratum
585 2256 680 2316 nobis
702 2257 744 2317 sit
765 2267 798 2318 et
813 2273 985 2333 magnum:

229 2353 316 2428 quod
326 2352 403 2414 dare
418 2353 588 2431 disposuit.
610 2354 689 2415 Vult
698 2364 733 2414 ut
748 2371 986 2431 cognoscamus

228 2451 390 2512 veraciter
410 2452 486 2529 quia
513 2470 532 2513 a
559 2452 655 2512 nobis
682 2452 765 2513 nihil
788 2451 864 2512 boni
887 2452 986 2511 habe·

228 2565 319 2609 mus:
341 2547 399 2609 sed
420 2559 523 2610 totum
545 2550 586 2609 de
608 2567 668 2610 sua
687 2550 789 2627 gratia
810 2559 843 2610 et
857 2549 986 2610 miseri·

191 2647 339 2708 socordia
360 2647 454 2708 nobis
476 2656 611 2708 constat.
641 2647 785 2709 Oremus
800 2664 888 2724 ergo,
910 2665 987 2708 can-

229 2755 336 2807 temus
376 2754 407 2806 et
447 2744 617 2805 laudemus
658 2745 834 2806 Dominum
876 2745 985 2805 Deum

228 2853 376 2905 nostrum
399 2843 454 2920 qui
478 2842 555 2903 iecit
570 2860 648 2904 nos:
670 2843 745 2920 quia
766 2841 848 2902 nihil
870 2841 987 2901 iucun-

229 2941 320 3017 dius,
341 2957 437 3018 quam
461 2941 568 3001 Deum
589 2941 688 3001 corde
710 2951 743 3001 et
763 2956 820 3001 ore
842 2939 986 3000 laudare.

230 3040 340 3115 Longe
362 3038 404 3098 sit
426 3038 643 3098 somnolentia
669 3039 765 3114 longe
786 3045 819 3097 et
839 3036 986 3113 pigritia:

192 3136 284 3198 asubi
315 3136 349 3196 in
381 3144 559 3212 conspectu
590 3135 780 3211 angelorum
811 3144 844 3194 et
874 3150 985 3194 coram

230 3233 334 3294 oculis
357 3231 536 3294 maiestatis
558 3231 619 3294 Dei
642 3241 776 3292 stamus.

579 3407 633 3463 ἢῆ

586 3621 627 3662 424
