2160 4194
103 451 249 496 EPISTVLA
265 452 384 496 DEVOTA
398 453 439 495 ΑΙ)
454 453 603 507 Qvertnnm
619 453 800 496 REGVLAREM

70 588 200 648 electos
215 603 294 647 suos
311 587 344 647 in
361 587 482 647 mundo
497 587 654 663 afflict0s3
676 587 734 647 sed
750 588 833 649 tollit

70 685 271 762 quandoque
307 701 365 744 eos
400 684 595 760 tempestive
631 685 671 744 de
706 685 833 761 laqueis

71 781 832 860 superventurisnedeterioramalaincurrant:

71 898 160 958 quae
183 881 265 941 forte
287 879 427 940 tolerare
449 880 633 956 nequirent.

114 979 227 1039 Debes
255 977 395 1038 sollicite
417 978 559 1054 cogitare
587 979 627 1038 de
649 978 855 1040 defectibuss

73 1075 140 1135 tuis
170 1084 202 1135 et
223 1091 322 1152 saepe
346 1075 580 1153 ingemiscere:
609 1095 651 1138 ne
679 1078 832 1154 vincaris,

70 1173 125 1232 vel
157 1173 336 1233 seducaris,
378 1173 446 1236 Ora
473 1173 578 1250 primo
607 1173 665 1251 pro
692 1175 832 1252 propriis

70 1268 235 1330 miseriis:
266 1270 385 1332 deinde
414 1288 472 1348 pro
501 1272 574 1333 aliis
602 1273 716 1334 amicis
747 1274 832 1334 vivis

70 1369 125 1428 vel
150 1367 314 1430 defunctis
333 1370 418 1430 sicut
435 1371 576 1431 fraterna
591 1370 708 1431 caritas
724 1370 831 1447 exigit.

72 1467 156 1527 Plus
178 1476 286 1527 tamen
302 1467 467 1528 confidere
483 1467 583 1528 debes
599 1469 639 1528 de
655 1468 716 1528 Dei
731 1467 833 1544 gratia
843 1485 868 1528 io

71 1575 104 1626 et
138 1564 363 1626 misericordia
399 1575 431 1626 et
465 1575 653 1627 sanctorum
689 1565 832 1625 meritis:

71 1679 172 1739 quam
195 1663 236 1722 de
257 1663 322 1724 tuis
344 1663 498 1740 precibus
526 1673 559 1724 et
579 1664 705 1725 actibus
727 1664 832 1725 bonis.

72 1761 207 1821 Habeas
218 1760 347 1822 firmum
359 1762 561 1839 propositum
578 1772 609 1823 te
620 1760 833 1836 emendandi3

71 1869 105 1919 et
128 1857 158 1918 si
180 1869 311 1919 centum
334 1860 429 1920 annis
444 1877 560 1936 posses
582 1860 688 1920 adhuc
709 1859 833 1933 vivere,

71 1955 868 2034 cogitaquodpropternihilaliudvelisvivere:1⁵

71 2054 139 2114 nisi
163 2064 198 2115 ut
220 2055 290 2115 Deo
313 2055 422 2131 possis
443 2054 621 2132 perfectius
643 2052 778 2114 servire.

115 2151 242 2214 Contra
269 2153 331 2214 tria
358 2153 436 2214 vitia
465 2162 592 2230 oportet
620 2151 739 2213 cotidie
763 2169 832 2211 cer-

72 2261 155 2326 tare,
177 2267 260 2327 quae
283 2267 355 2310 raro
377 2251 474 2326 plene
491 2250 683 2310 vincuntur:
705 2249 832 2309 scilicet

72 2357 189 2410 contra
210 2347 415 2424 superbiam,
443 2356 556 2408 contra
576 2347 684 2424 gulam
707 2357 739 2408 et
760 2363 832 2407 ace-

72 2446 172 2506 diam.
215 2445 375 2522 Superbia
397 2445 474 2506 latet
495 2445 528 2504 in
551 2446 649 2506 corde
671 2455 703 2506 et
725 2444 868 2508 multi-ao

72 2542 205 2620 pliciter
226 2543 351 2603 extollit
372 2543 506 2604 stultum
529 2542 563 2603 in
585 2543 716 2620 propria
737 2542 832 2604 aesti-

72 2639 218 2701 matione
247 2658 323 2717 sua3
351 2651 484 2718 apparet
511 2659 610 2718 saepe
639 2641 672 2702 in
701 2641 832 2716 vestitu,

73 2737 222 2815 aperitur
248 2737 282 2798 in
304 2754 403 2798 voce:
431 2747 561 2799 notatur
582 2739 615 2799 in
638 2738 771 2799 incessu
800 2748 832 2799 et

73 2835 207 2896 levitate
229 2852 367 2896 morum.
399 2835 487 2898 Gula
507 2854 606 2913 grave
628 2846 678 2898 est
699 2835 831 2896 vitium:

72 2950 159 3011 quae
181 2933 209 2993 si
231 2933 394 2995 reirenata
416 2951 481 2994 non
504 2934 613 3010 fuerit,
635 2933 712 2994 facit
728 2932 867 2998 homi-25

72 3048 151 3093 nem
174 3031 380 3101 dissolutum,
402 3031 529 3109 pigrum
550 3031 635 3092 etad
651 3029 832 3107 spiritualia

72 3128 241 3204 ineptum:
277 3128 401 3190 inducit
432 3128 683 3190 somnolentiam
715 3137 747 3189 et
778 3146 831 3189 ex·

72 3225 151 3286 citat
173 3224 352 3286 libidinem.
392 3225 515 3287 Acedia
536 3227 674 3287 multum
697 3226 831 3287 retrahit

72 3341 91 3383 a
113 3323 274 3399 spirituali
297 3324 453 3386 exercitio
475 3326 514 3385 ab
536 3325 660 3386 intenta
674 3323 831 3399 oratione,

72 3431 106 3482 et
128 3438 240 3482 sacrae
262 3422 414 3484 lectionis
435 3421 558 3498 studi03
580 3422 706 3499 quaerit
723 3422 867 3490 camisao

73 3518 831 3597 mollitiem,fugitlaborem,oditcellam‚diligit
