2142 4194
99 580 300 631 amaverunt.
338 570 448 631 Sancti
471 580 578 630 autem
603 568 664 629 Dei
687 578 719 628 et
741 586 856 629 omnes

5 665 7 672 ’
99 669 207 730 devoti
240 668 335 729 amici
369 669 513 742 Christi,
547 685 613 728 non
649 667 857 727 attenderunt

100 785 182 845 quae
205 767 295 827 carui
318 753 527 843 placuerunt3
548 783 610 826 nec
633 782 716 841 quae
738 765 771 824 in
794 766 856 825 hoc

99 876 246 942 tempore
269 865 466 925 floruerunt:
489 864 547 924 sed
569 872 635 922 tota
650 879 727 939 spes
743 878 855 922 eorum

100 973 132 1023 et
159 962 297 1023 intentio
329 961 368 1020 ad
399 970 531 1020 aeterna
561 960 646 1020 bona
676 961 880 1020 anhelabats

101 1061 278 1120 Ferebatur
300 1067 402 1118 totum
425 1057 624 1118 desiderium
650 1076 763 1120 eorum
787 1075 857 1117 sur·

100 1175 172 1218 sum
196 1157 235 1216 ad
251 1174 405 1217 mansura
427 1167 458 1217 et
474 1157 666 1218 invisibilia:
688 1175 730 1218 ne
746 1173 856 1217 amore

5 1257 9 1274 ⁵
99 1254 278 1315 visibilium
310 1255 518 1315 traherentur
547 1256 585 1314 ad
616 1255 737 1316 inlima.
781 1254 855 1314 Noli

101 1353 201 1412 irater
228 1351 377 1412 amittere
406 1353 635 1413 confidentiam
665 1351 855 1429 proficiendi

100 1453 139 1512 ad
170 1450 367 1527 spiritualia:
399 1451 504 1511 adhuc
535 1452 636 1511 habes
666 1460 796 1526 tempus
825 1459 857 1509 et
869 1469 893 1510 ro

99 1551 224 1609 horam.
256 1548 367 1625 Quare
389 1549 440 1608 vis
457 1549 695 1625 procrastinare
711 1547 857 1624 proposi-

99 1659 169 1706 tum
186 1645 305 1706 tuum?
340 1645 444 1722 Surge
467 1647 553 1707 etin
577 1646 708 1707 instanti
731 1645 856 1721 incipe:

6 1781 7 1786 κ
99 1754 133 1804 et
154 1743 216 1803 dic.
248 1743 344 1803 Nunc
366 1753 495 1821 tempus
518 1753 568 1804 est
591 1743 747 1818 laciendi3
768 1760 856 1802 nunc

99 1852 231 1917 tempus
244 1850 295 1900 est
309 1840 488 1918 pugnandi:
503 1857 591 1901 nunc
607 1851 716 1917 aptum
728 1851 857 1917 tempus

99 1949 151 1999 est
179 1938 385 1998 emendandi.
429 1938 568 2015 Quando
590 1939 675 1998 male
701 1938 803 1998 habes
825 1948 893 2000 etis

99 2036 281 2098 tribularis:
310 2045 387 2096 tunc
409 2046 539 2113 tempus
568 2046 618 2097 est
639 2035 856 2112 promerendi.

100 2136 241 2211 Oportet
262 2144 294 2194 te
315 2134 454 2195 transire
477 2152 536 2209 per
550 2134 658 2211 ignem
677 2143 709 2194 et
724 2151 856 2210 aquam:

98 2242 274 2309 antequam
306 2233 420 2292 venias
451 2232 484 2291 in
516 2232 732 2308 reirigerium.
784 2231 856 2291 Nisi

99 2331 156 2392 tibi
180 2330 247 2390 vim
278 2329 413 2390 leceris:
442 2329 557 2390 vitium
586 2346 652 2388 non
677 2326 857 2404 superabis,

100 2428 268 2506 Quamdiu
298 2427 384 2487 istud
414 2428 527 2504 fragile
557 2445 675 2504 corpus
703 2425 894 2503 gerimus‚ao

100 2526 172 2586 sine
203 2534 339 2601 peccato
371 2542 446 2585 esse
474 2543 540 2585 non
572 2541 765 2602 possumus:
797 2539 858 2582 nec

100 2623 172 2683 sine
202 2623 309 2683 taedio
339 2632 371 2682 et
399 2623 511 2683 dolore
540 2622 662 2683 vivere.
706 2620 860 2680 Libenter

100 2722 300 2781 haberemus
315 2719 353 2779 ab
370 2720 458 2779 omni
474 2719 607 2780 miseria
622 2719 783 2795 quietem3
801 2717 858 2777 sed

101 2819 177 2894 quia
205 2834 266 2895 per
287 2827 455 2892 peccatum
481 2817 682 2894 perdidimus
704 2817 859 2875 innocen-

101 2916 192 2976 tiam:
204 2914 377 2975 amisimus
387 2915 483 2976 etiam
495 2933 606 2976 veram
615 2914 858 2975 beatitudinem.
869 2936 896 2977 25

102 3014 179 3074 ldeo
190 3021 321 3090 oportet
335 3030 395 3072 nos
411 3023 524 3074 tenere
535 3013 738 3089 patientiam;
754 3021 785 3072 et
797 3012 858 3071 Dei

101 3120 276 3187 expectare
291 3109 567 3170 misericordiam:
590 3112 694 3170 donec
717 3119 860 3170 transeat

101 3209 258 3286 iniquitas
280 3210 371 3283 haec,
396 3215 428 3266 et
449 3206 627 3267 mortalitas
650 3207 860 3268 absorbeatur

42 3361 45 3367 .
102 3307 216 3367 avita.

142 3404 172 3466 Ο
188 3413 310 3481 quanta
326 3403 482 3480 fragilitas
497 3405 654 3463 humana:
677 3421 759 3480 quae
775 3420 896 3466 sem-ao

103 3518 160 3576 per
180 3518 287 3578 prona
307 3511 358 3562 est
379 3501 417 3561 ad
440 3501 526 3561 vitia.
565 3501 670 3560 Hodie
693 3501 859 3561 confiteris

468 3607 495 3647 la
