2178 4186
252 426 290 470 DE
306 427 544 471 Recoculrroue
559 428 710 472 PROPRIA!
725 429 935 473 rmerirrarls

213 561 290 620 dare
312 578 377 621 nou
399 563 501 637 vales,
522 562 574 622 ier
593 563 679 623 bono
696 565 793 624 modo
814 564 970 626 tacendo:

213 668 245 717 et
273 669 429 720 converte
457 670 489 719 te
517 660 557 720 ad
580 660 687 720 Deum
708 662 812 739 magis
836 663 970 722 orando.

213 754 382 832 Siquidem
413 767 446 816 et
475 767 510 816 tu
541 757 575 816 in
603 758 716 819 multis
746 759 876 822 deiicis:
907 779 969 822 nec

212 869 344 929 semper
375 853 456 914 iacis
486 855 573 930 quod
604 856 761 932 proponis
790 869 846 918 aut
877 859 969 919 dicis.

189 949 343 1010 sProuus
364 951 403 1010 ad
418 951 612 1013 vindictam:
635 970 701 1013 non
721 953 856 1032 effugiet
877 956 968 1016 iram.
1078 959 1084 976 “

213 1047 279 1124 Qui
310 1065 347 1108 se
376 1065 508 1125 semper
536 1051 606 1110 vult
632 1051 815 1113 vindicare:
846 1071 969 1129 paucos

212 1146 343 1206 habebit
353 1147 486 1207 amicos.
503 1147 683 1224 Displicent
690 1166 822 1227 semper
830 1152 969 1212 malum:

212 1246 337 1321 placeat
357 1247 529 1308 tolerantia
551 1248 636 1307 mali.
671 1247 848 1309 Tristitiam
873 1249 968 1309 facile

212 1343 329 1404 vincit:
364 1345 419 1421 qui
451 1345 497 1405 nil
528 1354 696 1406 terrenum
727 1345 818 1406 novit
848 1363 968 1407 amare.

177 1440 413 1502 1⁰Exterminat
438 1442 652 1503 seminarium
681 1443 763 1504 litis:
792 1444 848 1520 qui
870 1444 968 1504 abicit

210 1538 326 1598 vitium
362 1539 559 1616 cupiditatis,
616 1539 693 1600 Sive
728 1540 860 1601 divitiae
896 1541 967 1601 sive
1076 1545 1085 1570 ⁸

211 1636 354 1695 honores
365 1636 585 1697 excreverint:
600 1654 666 1697 non
677 1637 795 1699 satiant
804 1650 967 1699 amatores

210 1749 300 1808 suos,
321 1734 380 1793 sed
402 1733 570 1810 implicant
591 1746 624 1795 et
644 1745 805 1812 torquent.
842 1736 966 1796 Desine

211 1830 464 1907 concupiscere:
489 1842 521 1891 et
542 1832 676 1892 desines
698 1831 868 1908 indignari.
911 1832 966 1892 Nil

176 1943 200 1984 ιε
210 1928 325 1988 stabile
354 1921 421 1988 sub¹
444 1929 530 1988 sole:
561 1929 620 1988 sed
648 1941 765 1990 cuncta
789 1940 967 2004 mutantur,

210 2036 242 2086 et
264 2042 317 2086 res
339 2036 371 2086 et
393 2027 546 2086 honores.
576 2025 744 2087 Stabilitur
765 2043 879 2088 nemo:
900 2029 965 2088 nisi

210 2123 242 2182 in
266 2123 335 2182 solo
352 2123 433 2183 Deo.
463 2123 603 2184 Dilectio
620 2123 693 2198 Dei,
715 2125 830 2185 stabile
854 2125 967 2186 iauda-

210 2231 372 2281 mentum:
395 2221 562 2282 humilitas
584 2231 692 2281 autem
716 2233 860 2283 meretur
881 2225 966 2283 hanc

208 2318 352 2394 gratiam.
396 2318 462 2395 Qui
491 2319 525 2378 in
548 2319 619 2379 Deo
646 2318 795 2381 confidit:
825 2321 967 2382 sustinet

171 2415 318 2476 coomnia
353 2417 521 2493 patienter.
574 2416 612 2476 Et
647 2416 702 2493 qui
739 2417 847 2477 Deum
882 2433 966 2492 pure

209 2513 351 2589 quaerit:
384 2513 478 2573 iacile
510 2525 683 2574 contentus
713 2515 783 2575 erit.
831 2514 897 2591 Qui
928 2531 966 2574 se

209 2611 315 2686 ipsum
332 2611 471 2687 quaerit:
487 2628 523 2671 se
539 2611 645 2687 ipsum
663 2612 817 2672 inveniet.
838 2610 965 2672 Sentiet

209 2707 456 2769 detrimentum:
488 2710 543 2786 qui
576 2709 663 2786 loqui
697 2711 766 2770 vult
796 2709 836 2769 ad
867 2726 965 2769 omne

208 2806 353 2866 verbum.
384 2806 531 2868 Fluctuat
546 2824 678 2884 semper
692 2807 837 2867 animus:
853 2823 965 2883 quom-

171 2901 262 2961 2sdiu
279 2903 440 2964 consolari
457 2905 584 2980 quaerit
606 2905 639 2964 in
658 2904 807 2965 terrenis.
841 2905 877 2964 ln
895 2905 964 2964 Deo

208 3015 285 3059 vera
316 3001 436 3062 laetitia
471 3003 596 3062 cordis:
632 3012 722 3062 extra
754 3002 860 3060 Deum
897 3017 962 3061 non

207 3106 257 3156 est
279 3113 339 3173 pax
362 3115 423 3158 nec
446 3100 587 3176 requies.

559 3305 613 3361 23

1083 2164 1086 2172 ε

1085 2183 1086 2194 t
