2178 4186
265 442 304 485 DE
320 443 556 487 RECOGNlTIONE
571 443 722 488 PROPRIAE
737 444 947 489 rancltlrffls

226 585 301 637 tuae
329 577 448 655 diligit:
479 595 544 638 non
574 577 629 655 qui
660 579 741 640 ioris
764 580 931 641 blanditur
951 591 983 641 et

225 675 399 751 applaudit.
442 676 501 736 ille
529 676 586 737 tibi
609 677 749 739 dilectus
773 688 823 738 est
845 679 900 755 qui
925 695 983 755 pro

225 773 320 833 malis
348 773 413 834 tuis
442 774 530 835 dolet
557 783 589 835 et
618 784 704 852 orat:
733 773 787 852 qui
819 775 980 851 profectui

225 879 280 930 tuo
312 871 510 948 congaudet:
546 879 578 931 et
608 871 742 949 corripit
772 871 805 932 in
838 873 981 935 caritate.

201 968 299 1028 slton
329 978 379 1029 est
408 968 492 1029 fidus
521 967 647 1029 amicus
675 969 739 1030 nisi
768 968 802 1030 in
832 971 921 1032 Deo:
949 982 981 1032 et

223 1063 278 1140 qui
295 1081 434 1125 sunnon
450 1066 585 1142 quaerit.
615 1066 681 1143 Qui
702 1066 790 1127 enim
812 1083 849 1127 se
872 1067 979 1144 ipsum

223 1161 382 1238 neglegit:
403 1163 481 1239 quid
503 1163 595 1224 alteri
619 1165 816 1241 persuadere
834 1167 980 1242 poterit?
1086 1157 1087 1170 ¹

224 1257 310 1319 Cum
333 1268 387 1319 tua
408 1260 493 1321 bene
513 1261 697 1322 curaveris:
720 1262 815 1322 facile
830 1264 979 1339 proximo

222 1356 445 1432 persuadebis.
488 1358 521 1419 Si
544 1359 652 1437 diligis
683 1358 792 1420 fratris
822 1361 978 1423 salutem:

189 1464 310 1513 rotuam
339 1455 466 1530 operari
489 1473 555 1516 non
584 1456 723 1518 omittas.
767 1457 800 1518 Si
831 1459 979 1520 ordinate

223 1550 389 1627 procedis:
411 1569 430 1612 a
452 1562 483 1612 te
505 1553 576 1630 ipso
599 1554 779 1616 inchoabis.
822 1556 978 1632 Propriae

221 1649 317 1709 saluti
339 1648 386 1709 nil
408 1651 657 1712 anteferendum
680 1663 747 1713 est:
775 1670 817 1713 ne
841 1653 899 1714 tibi
922 1655 978 1714 ob·

222 1746 354 1822 iciatur,
384 1748 511 1808 medice
540 1766 618 1810 cura
646 1758 678 1809 te
708 1749 826 1826 ipsum.
878 1752 913 1812 ln
937 1761 977 1812 -te

220 1843 406 1920 praedisce:
424 1845 502 1922 quid
518 1846 608 1907 alteri
625 1847 723 1908 dicas.
754 1849 844 1909 Doce
859 1849 978 1910 vivens

187 1941 373 2001 averbum:
396 1950 427 2002 te
449 1942 557 2017 ipsum
574 1943 758 2019 exemplum
774 1961 888 2021 ponas
909 1963 976 2006 non

153 2043 154 2048 ’
220 2038 356 2100 alterurn
379 2049 411 2099 te
433 2040 592 2117 neglecto.

261 2138 337 2198 Esto
352 2138 458 2199 bonus
478 2148 510 2199 et
532 2138 655 2200 fidelis:
678 2149 710 2201 et
732 2139 883 2201 invenies
898 2140 977 2200 anri-

219 2250 292 2293 cum
316 2233 456 2295 fidelem.
485 2234 589 2296 Amor
603 2236 664 2296 Dei
680 2236 820 2297 amicum
844 2236 975 2298 fidelem

219 2331 402 2393 constituit:
425 2333 497 2394 sine
514 2334 584 2394 Deo
600 2334 688 2394 nulla
705 2334 847 2395 amicitia
868 2335 976 2396 stabit.

182 2428 284 2489 zoSed
307 2429 360 2489 ubi
391 2431 492 2491 talis?
520 2431 574 2508 qui
604 2431 637 2492 in
660 2431 812 2493 omnibus
835 2431 977 2493 fideliter

219 2527 310 2603 agit?
342 2527 372 2589 Ο
389 2545 484 2605 quarn
500 2529 665 2605 pretiosus
680 2529 769 2590 talis:
791 2528 846 2605 qui
862 2545 975 2589 amore

220 2625 281 2686 Dei
304 2625 346 2686 sit
360 2626 487 2702 plenus
518 2625 621 2687 Amor
635 2628 820 2687 mundanus
840 2625 904 2688 cito
920 2627 976 2687 de-

220 2722 301 2783 licit:
324 2732 356 2783 et
377 2723 410 2783 in
433 2724 629 2785 necessitate
646 2741 784 2784 vacuum
808 2723 975 2801 relinquit.

219 2818 311 2879 Time
343 2821 466 2880 Deum:
502 2831 534 2882 et
569 2821 720 2898 iungetur
755 2821 811 2882 tibi
847 2821 977 2882 anricus

182 2916 335 2978 :slidelis
365 2918 467 2979 Serva
482 2935 601 2979 nornen
617 2919 755 2979 bonum:
774 2928 806 2979 et
821 2918 976 2980 invenies
1087 2957 1088 2962 κ

219 3013 343 3074 socium
364 3016 496 3075 bonurn.
526 3015 657 3075 Etcum
680 3015 858 3091 inveneris,
880 3026 975 3076 utere

219 3113 399 3189 sapienter:
422 3123 454 3174 et
468 3113 566 3190 dilige
581 3113 712 3175 sicutte
727 3113 845 3189 ipsum.
876 3113 973 3174 lllulti

218 3208 314 3269 amici
345 3210 378 3269 in
410 3210 594 3287 prosperis:
628 3209 661 3271 in
692 3210 887 3271 adversitate
918 3211 974 3271 vix

218 3324 304 3367 unus
335 3308 531 3369 adhaerebit.
581 3309 655 3370 Non
686 3309 752 3370 eris
780 3318 888 3369 tamen
918 3307 975 3367 de·

182 3404 358 3464 aosolatus:
394 3405 421 3464 si
454 3406 560 3466 Deum
597 3408 698 3468 habes
733 3423 864 3483 semper
894 3423 974 3482 prae

218 3500 333 3561 oculis.
376 3501 409 3562 si
435 3503 505 3563 Deo
534 3520 599 3564 non
628 3505 754 3580 places:
782 3521 848 3565 non
877 3504 974 3580 prod·

573 3607 615 3650 aa:
