2156 4168
378 437 543 492 Epilegoment.

80 581 263 642 litterarum
286 580 403 640 studiis
424 580 589 658 indignius
619 598 694 642 esse
720 581 838 655 iudico,

82 662 233 737 exemplo
249 661 404 721 aemulari
420 661 619 737 argumentis
635 679 700 722 non
715 661 840 721 firmata

82 741 313 803 effutientium.
343 741 454 817 Itaque
476 743 538 801 hoc
554 759 655 801 unum
671 742 751 802 mihi
767 758 839 818 pro·

82 822 225 898 positum
257 831 351 897 crat,¹
380 831 415 881 ut
445 819 591 882 Thomae
625 824 838 899 archetypum

83 919 181 980 quam
204 902 395 962 fidelissime
417 910 714 978 repraesentarem,
743 912 839 979 atque

82 983 127 1043 ita
149 982 292 1060 quidem,
320 993 356 1042 ut
384 983 598 1058 expectationi
629 994 660 1044 et
684 983 839 1043 ascetico-

83 1080 156 1123 rum
172 1073 204 1123 et
218 1062 456 1139 philologorum
473 1064 716 1139 responderem.
745 1062 839 1139 Quae

82 1143 249 1219 proposita
277 1143 362 1204 inter
390 1161 426 1203 se
455 1143 654 1220 aliquantum
679 1142 840 1203 contraria

81 1225 128 1284 ita
155 1224 311 1300 consequi
335 1223 461 1299 studui,
490 1233 525 1284 ut
553 1233 585 1284 et
613 1240 839 1301 quaecumque

82 1304 129 1363 nil
152 1304 214 1363 nisi
237 1304 366 1380 pietatis
387 1304 535 1364 adlectus
557 1305 590 1364 in
612 1305 750 1381 legendo
769 1320 839 1363 sec-

81 1393 190 1445 tantes
218 1384 348 1445 turbare
370 1394 521 1460 possent,
550 1401 568 1444 e
590 1394 742 1445 contextu
770 1401 839 1443 ora-

82 1464 353 1540 tionistollerem,
365 1481 473 1540 neque
484 1465 657 1541 quicquam
669 1474 840 1538 mutarem,

82 1545 179 1604 cuius
201 1562 266 1604 non
288 1545 321 1604 in
342 1545 577 1621 epilegomenis
592 1555 646 1606 aut
661 1545 695 1605 in
710 1546 839 1605 adnota-

82 1625 173 1686 tione
195 1624 307 1685 critica
328 1625 572 1686 accuratissime
593 1626 673 1686 ratio
689 1626 839 1685 reddere·

82 1716 145 1765 tur.
176 1705 212 1764 ln
234 1706 354 1782 quibus
375 1722 459 1782 quae
474 1723 539 1765 non
555 1707 716 1783 leguntur,
738 1723 841 1782 pauca

82 1786 242 1862 quaedam
265 1785 319 1846 hic
341 1786 487 1846 addenda
509 1795 594 1846 sunt.

124 1891 233 1968 Atque
260 1891 401 1968 primum
430 1892 563 1969 quidem
585 1891 671 1969 quod
700 1891 739 1950 ad
761 1891 840 1950 scri-

81 1973 181 2032 bendi
202 1973 359 2032 rationem
376 1972 446 2032 sive
462 1972 735 2049 orthographiam,
757 1988 840 2048 quae

82 2053 218 2128 dicitur,
247 2052 376 2128 attinet,
404 2054 485 2113 haec
514 2053 578 2112 duo
600 2063 734 2113 secutus
756 2068 840 2127 sum,

82 2133 224 2209 primum
256 2142 291 2192 ut
321 2133 444 2193 codicis
471 2133 497 2193 A
527 2133 705 2210 scripturas
736 2132 840 2209 ipsius

82 2213 285 2289 antiquitatis
300 2213 423 2273 ultimis
435 2214 547 2290 utique
562 2214 764 2290 temporibus
774 2212 840 2272 usi·

82 2303 183 2369 tatas,
209 2294 385 2353 dummodo
407 2294 541 2354 omnino
564 2295 697 2355 Latinae
719 2303 840 2368 essent,

82 2384 249 2449 tenerem,
278 2374 396 2434 deinde
425 2382 459 2435 ut
481 2375 579 2435 medii
610 2375 740 2435 demum
768 2373 839 2433 aevi

83 2454 214 2514 inscitia
236 2454 327 2514 fictas
349 2454 421 2514 sine
443 2455 539 2515 venia
554 2455 763 2531 expellerem.
798 2455 841 2514 Vt

83 2535 235 2611 exemplo
267 2545 354 2609 utar,
385 2535 440 2595 diu
472 2536 676 2612 multumque
707 2543 739 2594 et
769 2534 840 2610 ipse

83 2625 117 2676 et
139 2632 198 2691 per
219 2615 300 2675 alios
321 2625 502 2691 scrutatus,
530 2615 585 2691 qui
611 2614 786 2689 intelligere
809 2624 841 2673 et

84 2695 242 2770 negligere
262 2696 314 2755 vel
337 2695 542 2756 senescentis
559 2695 686 2771 imperii
703 2694 839 2754 Romani

83 2776 252 2835 barbariae
281 2776 414 2852 probata
441 2777 615 2836 ostendere
636 2785 765 2851 posset,
793 2775 840 2834 in·

83 2856 161 2916 veni
184 2855 359 2916 neminem.
402 2855 496 2932 Quae
512 2856 572 2916 etsi
595 2873 647 2915 me
664 2872 737 2915 cum
760 2855 841 2914 mul-

84 2946 193 2996 torum
215 2937 357 2996 adsensu
386 2945 588 2996 retenturum
616 2936 719 2995 luisse
740 2936 841 3011 probe

84 3017 166 3091 scio,
187 3026 295 3076 tamen
316 3017 402 3077 idem
418 3034 483 3076 non
498 3017 605 3091 video,
627 3033 685 3076 cur
699 3015 841 3076 abhomi-

84 3097 203 3166 nande,
225 3097 467 3173 diffinicionem,
492 3097 631 3168 abitalia,
654 3096 840 3166 elemosina,

83 3177 332 3248 habundancia,
361 3177 620 3248 homancionem,
649 3176 839 3246 obediencie,

81 3257 273 3333 penitencie,
295 3258 509 3333 solempniter,
525 3273 641 3333 ymago
656 3256 840 3332 similiaque

85 3349 251 3413 monstra,
285 3339 411 3398 etiarnsi
443 3357 461 3398 a
491 3337 613 3398 nostris
644 3337 841 3396 editionibus

84 3435 174 3478 nunc
206 3419 336 3494 quidem
370 3419 438 3478 iere
470 3420 621 3493 exulent,
656 3434 721 3476 non
752 3417 840 3477 item.

85 3499 185 3576 Quod
207 3498 361 3574 profiteor
389 3499 470 3558 nihil
493 3515 611 3559 curans
635 3498 842 3574 vituperatio·

445 3611 485 3652 479
