2156 4168
479 390 598 433 adnotatio
612 393 696 434 critica.

246 525 276 597 6,
296 538 323 580 27
344 522 370 582 Α
388 523 564 583 conferens
586 524 627 583 de
642 524 704 583 hoc
719 524 792 583 loco
807 524 891 584 nihil
913 526 971 585 ad·

207 602 334 678 notavi;
350 619 464 663 verum
476 603 749 664 Schmidt-Reder
763 604 796 664 in
812 603 969 665 Otiorum

209 683 434 743 Lusaticorum
458 701 488 760 p.
504 687 544 743 85
566 683 599 743 in
621 685 649 744 F
667 685 748 744 haec
771 686 970 746 enucleasse

207 762 269 822 sibi
280 762 373 823 visus
387 774 453 824 est:
468 763 638 824 Memento‘
654 764 753 824 illius'
762 765 967 842 frequentari

207 843 512 904 transmutationem
523 845 758 905 vocabulorum
771 845 904 907 lineolis
918 846 969 905 in·
1063 895 1065 916 ,

207 923 307 983 dicari
323 934 423 999 ratus,
438 925 497 984 sed
514 924 653 984 fortasse
668 942 766 984 manu
782 926 969 1002 posteriore

207 1013 239 1063 ct
270 1004 343 1064 sine
370 1004 473 1064 minio
503 1004 631 1065 factam.
675 1006 724 1065 De
753 1021 817 1082 qua
845 1023 881 1067 re
907 1023 970 1082 per

207 1083 381 1160 epistulam
410 1085 560 1146 consului
585 1083 635 1146 Gh
657 1085 709 1145 his
731 1085 857 1146 verbis:
886 1086 968 1163 ‘Qui
1064 1113 1065 1140 t

206 1163 503 1240 (Schmidt-Reder)
525 1165 606 1225 mihi
635 1165 767 1242 quidem
791 1165 970 1243 dupliciter

207 1244 336 1304 videtur
357 1261 502 1304 errasse:
524 1255 556 1305 et
579 1245 732 1307 lineolam
750 1263 850 1322 supra
864 1247 968 1317 illius,

207 1340 291 1401 quae
314 1325 386 1385 loco
408 1325 520 1401 puncti
543 1327 640 1402 paulo
663 1326 819 1403 longioris
841 1337 909 1401 est,
934 1337 969 1388 et

207 1405 367 1484 litteraen
390 1405 539 1465 vocabuli
556 1408 690 1484 frequen
713 1406 867 1467 lineolam
887 1407 968 1466 lina·

206 1486 282 1561 lem,
303 1501 387 1562 quae
402 1486 489 1546 haud
504 1503 577 1546 raro
599 1487 643 1546 ita
663 1486 859 1563 adiungitur,
882 1487 968 1548 falso
1064 1503 1065 1510 ¹

206 1582 264 1642 pro
289 1565 570 1626 transmutationis
598 1567 692 1643 signo
722 1568 856 1626 habens.
900 1566 967 1628 Sed

206 1645 284 1722 quid
306 1646 346 1706 de
368 1647 469 1706 altera
490 1645 611 1706 lineola
632 1663 731 1722 supra
746 1646 846 1706 illios'
869 1646 968 1707 facia·
1060 1677 1065 1702 t

206 1726 307 1786 mus?
349 1726 450 1786 Estne
478 1726 534 1786 illa
560 1726 593 1786 in
617 1726 765 1787 codice?
807 1726 858 1788 Ad
881 1744 968 1803 quae

206 1806 262 1866 ille
284 1806 364 1867 mihi
387 1806 572 1882 rescripsit:
601 1807 669 1867 ‘Est
690 1806 724 1866 in
749 1807 862 1866 codice
887 1807 965 1867 illul

199 1885 344 1962 frequet’l
368 1887 446 1963 quid
475 1887 515 1946 de
545 1886 597 1947 his
626 1886 810 1947 iaciendum
834 1887 967 1948 sitnon

206 1967 310 2026 audeo
333 1966 505 2027 decidere.’
548 1966 632 2027 Mihi
654 1983 733 2027 vero
756 1967 819 2027 iam
843 1978 968 2028 mutata

206 2046 504 2107 sententiaconstat
514 2047 688 2123 legendum
699 2064 775 2107 esse
779 2050 971 2125 frequenter

207 2127 312 2196 illino,
342 2143 438 2202 quam
468 2127 643 2188 lectionem
673 2145 738 2188 non
767 2129 874 2188 solum
903 2128 970 2190 NC

207 2208 356 2281 habeant,
371 2207 429 2267 sed
445 2207 542 2266 etiam
557 2208 815 2284 quattuordecim
832 2209 967 2269 codices

206 2287 291 2363 apud
312 2287 414 2362 Puon
441 2287 607 2348 Variantes
630 2306 659 2364 p.
681 2290 720 2348 75
750 2299 782 2348 et
811 2298 968 2366 quattuor

207 2386 225 2427 a
247 2384 299 2427 me
322 2367 441 2427 conlati
455 2373 472 2427 ¹.

245 2458 295 2531 27,
316 2471 329 2514 7
350 2456 519 2526 simillium,
542 2457 601 2516 sed
621 2459 691 2533 250,
715 2473 740 2514 ro
759 2457 906 2518 scintilla
916 2462 935 2518 ².

245 2548 295 2620 29,
318 2561 343 2602 10
364 2554 472 2605 utrum
495 2547 619 2621 confert
637 2563 678 2605 an
698 2548 868 2622 conserant
888 2547 965 2607 inA

206 2625 364 2701 scriptum
387 2635 475 2684 esset
501 2626 653 2685 dubitans
675 2626 822 2703 Hosdey,
850 2627 968 2687 biblio·

205 2705 373 2766 thecarius
395 2705 567 2765 adiunctus
583 2706 821 2782 Bmxellensis‚
843 2709 970 2784 confert

207 2803 306 2864 posse
321 2785 384 2863 legi
400 2786 564 2862 censebat,
587 2784 637 2847 Glz
651 2785 724 2846 sine
741 2786 839 2846 dubio
855 2788 967 2864 legen·

207 2868 284 2928 dum
307 2883 383 2926 esse
398 2865 596 2926 adfirmabat.
626 2865 691 2928 Cui
709 2883 769 2943 ego
785 2867 969 2943 adstipulor

207 2965 273 3008 non
302 2947 409 3007 solum
439 2945 620 3006 litterarum
651 2947 803 3007 ductibus
833 2964 967 3008 accura-

207 3029 334 3088 tissime
356 3026 566 3102 examinatis,
594 3027 652 3087 sed
679 3026 776 3086 etiam
798 3044 967 3088 consensu

209 3107 303 3169 CND
330 3117 449 3167 motus
493 3105 665 3184 Puyoliani
694 3108 831 3183 (p.127)
859 3117 893 3168 et
917 3124 967 3168 re·

208 3188 288 3266 liqui
310 3187 376 3248 mei
398 3186 534 3247 variant.
562 3185 624 3248 BG
646 3188 767 3248 habent
788 3190 966 3265 conferunt.

207 3315 367 3322 ——-——

248 3372 256 3399 ¹
272 3370 339 3413 GBD
349 3371 429 3413 habent
444 3371 505 3412 illias
516 3371 653 3424 frequenter,
669 3370 835 3413 Buxhemensls
849 3372 901 3434 anni
915 3339 969 3412 llil¹

208 3424 963 3531 ‘luti-tuit·titillataliittlll‘ttttllellt.n.
1064 3465 1065 3486 ³
