2142 4194
241 459 361 511 &w
433 458 471 500 DE
488 457 666 500 ΙΜΙΤΑΤΙΟΝΕ
681 456 805 500 CHRISTI
875 459 998 512 Q

241 591 442 667 decipiendi:
471 590 525 666 qui
548 607 725 666 numquam
749 590 916 667 dormitat,
938 592 997 652 sed

241 690 357 750 circuit
385 705 547 766 quaerens
576 704 673 764 quem
703 687 846 748 devoret.
889 690 996 750 Nemo
1053 689 1056 794 1

241 800 305 849 tam
334 788 501 864 perlectus
529 794 579 845 est
607 794 639 845 et
667 794 817 861 sanctus,
845 785 900 862 qui
930 803 996 846 non

242 886 358 945 babeat
380 883 553 959 aliquando
576 883 821 959 temptationes:
846 893 877 943 et
899 885 997 960 plene

218 984 291 1044 seis
319 998 431 1042 carere
459 998 525 1041 non
554 998 740 1056 possumus.
783 979 866 1040 Sunt
887 990 997 1042 tamen

241 1080 471 1156 temptationes
493 1077 618 1139 homini
641 1095 739 1154 saepe
766 1078 859 1138 valde
882 1078 998 1155 utiles;
1056 1079 1057 1094 ¹

241 1179 317 1238 licet
331 1178 488 1238 molestae
504 1176 569 1236 sint
591 1185 623 1236 et
636 1193 769 1252 graves:
791 1176 868 1252 quia
881 1177 915 1237 in
932 1177 998 1237 illis

241 1278 340 1336 homo
368 1274 574 1349 humiliatur,
602 1283 757 1350 purgatur
784 1283 816 1334 et
840 1274 997 1335 eruditur.
1056 1307 1058 1392 A

243 1374 369 1436 Omnes
391 1371 494 1432 sancti
516 1388 575 1447 per
589 1372 708 1431 multas
723 1370 950 1431 tribulationes
966 1381 998 1432 et

208 1470 471 1545 rotemptationes
500 1468 700 1529 transierunt
723 1478 755 1529 et
776 1468 997 1545 proiecerunt.

243 1567 281 1628 Et
319 1567 373 1643 qui
412 1567 642 1643 temptationes
681 1567 846 1627 sustinere
883 1567 998 1643 nequi·
1057 1607 1059 1698 4

242 1674 376 1725 verunt:
398 1665 527 1739 reprobi
552 1665 626 1725 iacti
650 1674 726 1727 sunt
748 1674 780 1725 et
795 1665 997 1725 deiecerunt.

243 1763 317 1822 Non
346 1772 396 1822 est
424 1762 542 1838 aliquis
570 1763 649 1823 ordo
677 1771 742 1824 tam
771 1772 904 1823 sanctus
935 1779 998 1822 nec
1059 1769 1060 1852 l

242 1861 419 1920 locustam
442 1869 606 1921 secretus:
636 1861 689 1921 ubi
712 1878 778 1921 non
806 1860 874 1921 sint
894 1870 998 1936 temp·
1059 1907 1060 1970 1

208 1983 233 2024 15
242 1957 381 2018 tationes
404 1958 455 2018 vel
478 1957 701 2018 adversitates
731 1958 805 2017 Non
828 1966 878 2017 est
897 1959 998 2017 homo

242 2073 380 2116 securus
401 2075 419 2116 a
441 2055 706 2130 temptationibus
724 2055 865 2115 totaliter
885 2073 998 2132 quam·
1060 2090 1061 2148 p

242 2154 297 2214 diu
319 2153 452 2230 vixerit3
475 2153 551 2230 quia
569 2152 602 2213 in
618 2152 713 2213 nobis
728 2163 778 2213 est
793 2153 879 2213 unde
895 2162 999 2229 temp-

242 2260 364 2311 tamur:
400 2267 440 2310 ex
471 2267 536 2326 quo
567 2251 600 2311 in
632 2250 899 2327 concupiscentia
930 2251 998 2311 nati

242 2365 367 2408 sumus.
396 2349 468 2408 Vna
482 2349 694 2424 temptatione
714 2367 773 2410 seu
789 2347 1000 2409 tribulatione

206 2446 417 2512 zorecedente
439 2445 501 2506 alia
515 2447 722 2523 supervenit3
745 2456 777 2508 et
795 2463 927 2521 semper
942 2447 1000 2506 ali-

242 2544 999 2621 quidadpatiendumbabebimus:nambonum

243 2641 407 2702 felicitatis
418 2650 549 2702 nostrae
560 2643 771 2718 perdidimus.
792 2641 888 2702 lllulti
900 2659 1000 2718 quae-

243 2749 318 2799 runt
339 2739 567 2815 temptationes
590 2741 719 2817 lugere:
744 2750 776 2801 et
796 2739 928 2816 gravius
949 2739 999 2800 in-

242 2836 354 2896 cidunt
383 2836 416 2895 in
445 2853 511 2896 eas,
562 2838 625 2897 Per
655 2838 757 2897 solam
791 2837 898 2914 lugam
930 2855 999 2898 non

206 2951 419 3009 25possumus
440 2934 591 2996 vincere:
613 2935 671 2996 sed
689 2953 747 3011 per
761 2935 948 3011 patientiam
966 2945 1000 2997 et

242 3047 352 3091 veram
375 3032 591 3094 humilitatem
607 3032 759 3092 omnibus
779 3032 929 3094 hostibus
952 3034 999 3094 ef-

243 3128 372 3189 licimur
399 3129 561 3191 fortiores,
604 3130 670 3208 Qui
697 3131 921 3192 tantummodo
943 3149 999 3192 ex-

243 3226 345 3287 terius
356 3227 506 3303 declinat,
516 3245 577 3288 nec
588 3226 730 3287 radicem
742 3229 866 3289 evellit:
882 3246 998 3304 parum

243 3324 399 3400 proliciet.
417 3326 519 3386 Immo
530 3326 627 3387 citius
635 3326 675 3386 ad
683 3342 758 3386 eum
768 3326 999 3401 temptationes

207 3423 386 3489 soredient:
415 3433 447 3484 et
472 3423 567 3501 peius
589 3423 718 3484 sentiet.
761 3425 937 3501 Paulatim,
966 3435 999 3486 et

243 3539 302 3597 per
331 3521 518 3598 patientiam
551 3539 624 3582 cum
654 3521 897 3598 longanimitate
927 3523 999 3584 Deo

607 3627 634 3668 22
