2138 4196
248 459 369 512 &m
440 460 479 502 DE
495 460 673 504 IMITIITIONE
689 460 813 504 CHRISTI
883 462 998 514 w

249 611 371 669 pauper
392 612 465 656 sum
481 613 550 672 ego.
580 596 685 656 Nemo
700 604 809 655 tamen
825 595 888 656 isto
907 595 999 656 ditior

247 709 344 753 nemo
367 694 529 769 potentior
550 711 646 754 nemo
668 693 810 768 liberior,
835 693 890 770 qui
912 709 948 752 se
968 701 998 752 et
1061 725 1062 772 l

247 791 356 851 omnia
378 792 564 869 relinquere
587 792 664 852 scit:
687 801 719 851 et
733 791 772 852 ad
794 790 942 850 infimum
963 807 997 850 se
1061 779 1062 858 i

246 905 378 964 ponere.

223 1101 236 1140 5
255 1084 311 1144 DE
335 1083 472 1146 REGIA
494 1083 568 1145 Vlll
591 1082 795 1146 SANCTAE
818 1083 989 1145 CRVCIS.

197 1203 198 1206 ’
485 1239 690 1290 clrrrvrvu
707 1239 763 1288 x11.

244 1319 444 1538 ffivrus
465 1377 576 1436 multis
599 1377 727 1438 videtur
742 1376 795 1436 hic
815 1391 925 1435 sermo
947 1376 997 1434 ab·

246 1429 259 1513 I
376 1491 458 1552 nega
486 1483 586 1535 temet
615 1474 739 1550 ipsum:
767 1473 845 1533 tolle
867 1489 997 1533 crucem
1061 1521 1062 1550 q

243 1580 341 1646 tuam,
357 1581 389 1632 et
403 1588 544 1648 sequere
556 1572 674 1632 Iesum.
697 1570 761 1631 Sed
772 1570 874 1632 multo
885 1570 998 1630 durius
1061 1563 1062 1630 l

210 1687 234 1728 ro
244 1669 304 1728 erit
326 1669 438 1730 audire
460 1670 539 1729 illud
555 1679 736 1730 extremum
760 1668 912 1728 verbum:
935 1667 997 1726 dis·

243 1766 348 1827 cedite
363 1784 381 1826 a
396 1784 448 1826 me
464 1767 625 1828 maledicti
646 1767 679 1826 in
695 1767 803 1843 ignem
818 1775 998 1825 aeternum.

243 1863 308 1940 Qui
331 1864 419 1923 enim
448 1865 543 1925 modo
572 1864 711 1924 libenter
737 1863 873 1923 audiunt
894 1873 926 1922 et
948 1879 997 1922 se·
1061 1913 1062 1924 ,

242 1971 386 2039 quuntur
396 1962 531 2022 verbum
543 1961 664 2022 crucis:
675 1971 752 2022 tunc
764 1978 829 2021 non
837 1961 999 2021 timebunt

241 2060 280 2118 ab
302 2059 467 2119 auditione
490 2069 641 2120 aeternae
664 2049 890 2121 damnationis.
925 2060 999 2120 Hoc
1061 2089 1062 2142 r

207 2177 232 2216 15
241 2156 370 2233 signnm
386 2157 493 2216 crucis
509 2157 571 2217 erit
581 2157 614 2217 in
625 2157 731 2216 caelo:
748 2174 821 2216 curn
833 2157 999 2218 Dominus

240 2253 498 2313 adiudicandum
513 2254 650 2313 venerit.
674 2252 764 2314 Tunc
776 2271 891 2314 omnes
906 2256 996 2315 servi
1061 2241 1062 2266 ³

239 2353 346 2412 crucis
376 2353 430 2430 qui
453 2368 490 2411 se
513 2351 680 2413 Crucifixo
707 2351 997 2413 conformaverunt
1061 2395 1062 2424 r

239 2450 272 2509 in
297 2450 377 2510 vita:
406 2450 562 2509 accedent
590 2450 630 2508 ad
652 2448 823 2510 Christum
852 2449 996 2510 iudicem
1061 2463 1062 2516 ᾗ

239 2565 313 2607 cum
342 2565 457 2624 magna
486 2547 612 2606 fiducia.
655 2547 744 2624 Quid
772 2548 870 2624 igitur
896 2547 995 2608 times
1061 2603 1062 2616 ,

202 2645 353 2705 attollere
364 2661 510 2719 crucem3
525 2661 584 2720 per
593 2662 689 2722 quam
703 2645 768 2704 itur
777 2645 816 2704 ad
832 2645 994 2721 regnum?
1061 2669 1062 2726 ς

240 2743 275 2801 In
298 2759 396 2802 cruce
417 2741 524 2817 salus,
552 2742 585 2801 in
608 2759 705 2802 cruce
727 2742 808 2818 vita3
837 2742 871 2802 in
896 2760 994 2804 cruce
1061 2733 1062 2784 3

237 2840 394 2916 protectio
423 2840 462 2898 ab
488 2839 653 2900 hostibus:
682 2840 715 2899 in
745 2856 842 2899 cruce
870 2839 994 2901 infusio
1061 2905 1062 2914 ἦ

238 2954 399 3013 supernae
410 2937 637 3013 suavitatis3in
648 2954 747 2997 cruce
757 2939 994 3014 roburmentiS,
1061 2939 1062 2946 ’

237 3035 271 3095 in
283 3036 540 3112 crucegaudium
551 3036 746 3112 spiritustin
757 3052 995 3114 crucesumma
1061 3089 1062 3104 ,

200 3131 376 3208 mittatis,
386 3133 420 3191 in
431 3150 528 3193 cruce
538 3133 696 3209 perfectio
708 3132 898 3193 sanctitatis.
919 3134 994 3194 Non

237 3239 288 3289 est
302 3230 391 3290 salus
406 3231 534 3290 animae
549 3247 610 3290 nec
626 3248 702 3307 spes
720 3240 872 3291 aeternae
890 3231 993 3292 vitae:

237 3327 299 3386 nisi
323 3327 356 3386 in
378 3345 485 3389 cruce.
528 3328 619 3389 Tolle
641 3345 718 3405 ergo
748 3345 879 3389 crucem
904 3339 993 3391 tuam

237 3435 269 3484 et
290 3442 430 3502 sequere
448 3426 573 3486 Iesum:
595 3436 627 3486 et
642 3426 704 3486 ibis
726 3426 760 3486 in
775 3427 873 3486 vitam
890 3438 993 3489 aeter-

236 3539 320 3583 nam.
349 3523 533 3583 Praecessit
548 3523 603 3582 ille
617 3523 765 3583 baiulans
776 3523 837 3582 sibi
849 3541 993 3602 crucem,

601 3628 628 3668 aa
