2146 4194
81 461 361 514 616ΜῆῖὲΘῇ
403 460 517 503 1112425
556 459 837 514 minim

83 613 147 655 non
177 594 305 671 indiges
335 594 535 671 respondere
567 611 624 671 pro
656 594 747 655 aliis:
778 593 836 654 sed

19 723 20 732 1
82 711 139 770 pro
160 702 193 753 te
215 693 287 768 ipso
310 691 469 751 rationem
492 690 619 751 reddes.
649 690 737 769 Quid
760 707 837 767 ergo

25 863 26 868 γ
83 801 113 851 te
134 789 310 867 implicas?
349 789 433 848 Ecce
455 806 515 865 ego
537 805 653 849 omnes
675 805 837 866 cognosco

83 899 113 949 et
135 897 252 948 cuncta
280 904 363 964 quae
385 888 446 948 sub
469 888 539 947 sole
562 886 643 948 liunt
664 887 777 963 video;
806 896 838 947 et

82 987 149 1046 scio
176 984 315 1063 qualiter
342 1002 417 1045 cum
446 1001 644 1061 unoquoque
673 985 731 1060 sit,
760 983 860 1061 quids

47 1100 55 1115 ¹
83 1084 218 1161 cogitet,
248 1082 325 1159 quid
356 1081 451 1142 velit:
484 1091 515 1142 et
543 1082 582 1141 ad
611 1098 708 1159 quem
739 1080 836 1140 linem

82 1184 191 1244 tendat
214 1184 286 1243 eius
308 1182 455 1242 intentio.
498 1180 581 1241 Mihi
604 1179 701 1256 igitur
729 1177 839 1239 omnia

11 1319 13 1366 t
83 1280 313 1343 committenda
341 1288 434 1353 sunt,
463 1287 497 1338 tu
519 1294 598 1337 vero
627 1294 723 1337 serva
749 1286 782 1337 te
804 1276 838 1336 in

11 1371 13 1406 ³
83 1381 166 1440 bona
187 1396 283 1457 pace:
313 1386 346 1437 et
367 1376 493 1436 dimitte
515 1375 687 1452 agitantem
717 1373 837 1450 agitare

84 1486 238 1553 quantum
272 1475 422 1536 voluerit.
473 1474 592 1534 Veniet
628 1489 727 1549 super
762 1489 875 1532 eumro

85 1573 239 1650 quidquid
252 1573 365 1633 lecerit
374 1572 426 1632 vel
436 1571 566 1632 dixerit:
577 1570 653 1648 quia
661 1587 713 1630 me
726 1569 838 1628 fallere

11 1685 16 1748 t
85 1688 148 1731 non
170 1680 286 1747 potest.
316 1672 390 1731 Non
413 1670 455 1730 sit
476 1670 533 1730 tibi
556 1687 653 1730 curae
675 1669 715 1730 de
731 1667 837 1744 magni

85 1766 839 1845 nominisumbra3nondemultorumlamiliari-

11 1851 13 1886 1
84 1876 162 1926 tate:
185 1883 246 1926 nec
268 1865 308 1926 de
330 1867 455 1942 privata
469 1866 638 1926 hominum
655 1864 839 1924 dilectione.

11 2033 13 2044 ‚
86 1963 875 2041 lstaenimgenerantdistractiones:etmagnasrs

85 2062 116 2120 in
138 2061 237 2122 corde
259 2061 484 2122 obscuritates,
513 2061 666 2122 Libenter
687 2061 840 2137 loquerer

84 2158 283 2219 tibiverbum
293 2159 839 2233 meumetabsconditarevelarem;

85 2257 111 2315 si
126 2257 302 2316 adventum
319 2273 428 2315 meum
444 2255 617 2332 diligenter
631 2256 839 2316 observares:

85 2364 115 2414 et
134 2355 255 2415 ostium
272 2353 379 2414 cordis
395 2354 474 2412 mihi
491 2353 645 2431 aperires.
675 2353 752 2412 Esto
767 2369 839 2429 pro·

84 2452 189 2528 vidus,
212 2461 243 2512 et
258 2452 356 2528 vigila
370 2452 404 2511 in
419 2452 635 2512 orationibus:
658 2460 690 2511 et
704 2450 876 2512 humiliaao

83 2559 114 2610 te
135 2551 170 2610 in
192 2550 355 2610 omnibus.

85 2746 126 2806 IN
145 2745 312 2823 QVIBVS
335 2743 473 2805 FIRMA
490 2743 577 2805 PAX
600 2742 765 2807 CORDIS
789 2741 840 2802 ET

117 2841 261 2904 VERVS
286 2841 540 2906 PROFECTVS
564 2840 806 2905 CONSISTIT.

312 2998 517 3048 CAPITVLVM
536 2998 612 3048 XXV.

85 3077 244 3294 Ἠῶ.
295 3135 361 3212 Ego
390 3135 518 3196 locutus
547 3153 619 3195 sum
649 3151 761 3211 pacem
792 3152 877 3201 re·25

211 3233 324 3309 linquo
335 3233 429 3293 vobis
439 3249 552 3309 pacem
564 3249 669 3292 meam
682 3233 722 3294 do
733 3233 840 3293 vobis:

83 3345 146 3389 non
169 3330 335 3407 quomodo
357 3331 500 3390 mundus
521 3331 575 3390 dat
596 3347 656 3407 ego
678 3331 719 3390 do
736 3331 840 3392 vobis.

83 3425 202 3488 Pacem
233 3444 349 3488 omnes
378 3428 579 3488 desiderant:
609 3429 667 3488 sed
696 3429 840 3505 quaead

81 3541 193 3586 velam
205 3542 319 3602 pacem
335 3526 499 3603 pertinent
514 3542 580 3585 non
590 3542 706 3586 omnes
717 3535 840 3586 curant.

446 3631 481 3670 191
