2146 4194
87 431 367 486 odornensem>
428 430 502 473 11150
560 426 841 481 reu-www

87 567 140 626 tibi
164 566 239 643 quia
261 582 327 626 non
348 562 523 640 pepercisti
543 562 637 622 malis
660 561 759 636 meis3
782 561 840 620 sed

87 663 235 725 attrivisti
256 680 308 723 me
324 661 515 722 verberibus
531 659 666 720 amaris:
689 659 840 736 inlligens

87 763 215 822 dolores
244 771 276 821 et
304 760 483 820 immittens
512 758 677 834 angustias
708 758 787 818 loris
809 768 841 817 et

87 861 183 921 intus.
233 859 308 919 Non
336 869 386 918 est
417 857 471 934 qui
504 874 556 917 me
585 855 774 916 consoletur
800 873 841 915 ex

87 958 238 1018 omnibus
266 972 349 1032 quae
379 955 439 1014 sub
469 953 558 1014 caelo
590 962 682 1013 sunt:
714 952 777 1012 nisi
806 963 863 1014 tus

88 1056 227 1116 Domine
259 1056 350 1115 Deus
386 1069 480 1112 meus
512 1052 663 1112 caelestis
695 1051 842 1112 medicus

88 1153 284 1228 animarum;
299 1151 354 1228 qui
370 1150 514 1226 percutis
530 1160 561 1210 et
577 1167 689 1210 sanas:
707 1149 843 1209 deducis

87 1252 124 1311 ad
135 1251 261 1311 inferos
277 1261 308 1310 et
323 1248 464 1309 reducis
484 1248 665 1323 Disciplina
679 1258 734 1307 tua
744 1264 837 1322 super

88 1366 154 1409 me:
178 1359 210 1408 et
231 1348 321 1424 virga
343 1356 397 1407 tua
419 1346 489 1421 ipsa
511 1363 563 1405 me
584 1344 721 1405 docebit.
759 1345 842 1405 Ecce

90 1446 185 1506 Pater
205 1445 323 1505 dilecte
346 1444 379 1504 in
402 1443 552 1504 manibus
581 1442 646 1503 tuis
670 1459 743 1502 sum
766 1454 879 1518 egozto

88 1544 147 1603 sub
170 1542 260 1619 virga
284 1540 496 1610 correctionis
525 1551 599 1600 tuae
623 1556 676 1600 me
705 1539 844 1616 inclin03

89 1651 221 1716 percute
243 1641 376 1700 dorsum
399 1654 508 1698 meum
532 1647 564 1698 et
579 1638 698 1697 collum
717 1653 843 1697 meum:

89 1748 121 1798 ut
136 1738 306 1798 incurvem
322 1736 360 1796 ad
374 1736 573 1796 voluntatem
590 1745 676 1796 tuam
693 1735 844 1795 tortuosi·

88 1847 185 1896 tatem
208 1852 323 1895 meam.
361 1834 421 1894 Fac
444 1851 496 1893 me
518 1833 607 1909 pium
630 1843 661 1893 et
686 1833 842 1893 humilem

89 1933 284 2009 discipulum
301 1933 385 1992 sicut
400 1934 484 1992 bene
503 1931 610 1991 lacere
626 1931 843 1992 consuevisti:
856 1943 880 1984 1⁵

90 2041 122 2091 ut
137 2032 301 2091 ambulem
318 2031 356 2090 ad
372 2047 502 2090 omnem
519 2038 633 2089 nutum
650 2038 750 2088 tuum.
773 2027 843 2087 Tibi

91 2146 141 2188 me
164 2140 196 2189 et
217 2129 327 2188 omnia
349 2146 421 2188 mea
442 2128 481 2187 ad
508 2126 735 2202 corrigendum
759 2143 844 2186 com·

91 2226 225 2286 mendo:
255 2226 373 2286 melius
395 2235 444 2286 est
473 2225 526 2284 hic
549 2223 667 2299 corripi
692 2241 788 2301 quam
812 2223 844 2282 in

92 2324 209 2384 futuro.
238 2322 286 2382 Tu
309 2324 375 2383 scis
397 2322 506 2383 omnia
528 2333 559 2382 et
581 2321 724 2397 singula:
746 2331 778 2381 et
800 2321 844 2380 nil

92 2432 121 2481 te
150 2422 227 2480 latet
256 2420 289 2480 in
318 2422 459 2481 humana
488 2417 698 2480 conscientia.
747 2416 882 2478 Ante-ao

93 2536 186 2594 quam
210 2519 288 2579 liant
314 2517 398 2578 nosti
428 2528 580 2577 ventura:
604 2521 641 2575 'et
670 2532 735 2574 non
764 2532 846 2590 opus

93 2616 219 2677 esttibi
249 2627 284 2676 ut
305 2615 379 2692 quis
401 2625 432 2675 te
455 2615 568 2675 doceat
596 2623 651 2673 aut
676 2612 846 2672 admoneat

94 2714 131 2773 de
153 2713 206 2772 his
228 2731 311 2790 quae
340 2723 497 2791 geruntur
518 2712 552 2772 in
574 2721 669 2771 terra.
711 2710 758 2770 Tu
781 2710 847 2770 scis

94 2811 168 2886 quid
201 2810 330 2886 expedit
366 2811 404 2870 ad
436 2808 617 2886 profectum
654 2825 780 2868 meum:
816 2816 847 2866 et

95 2917 248 2983 quantum
271 2907 415 2968 deservit
430 2905 592 2967 tribulatio
611 2906 649 2965 ab
665 2905 846 2981 rubiginem
857 2921 884 2962 25

95 3006 245 3067 vitiorum
282 3004 489 3082 purgandam.
542 3003 602 3063 Fac
634 3019 762 3062 mecum
794 3002 848 3061 de·

95 3103 270 3163 sideratum
287 3101 526 3178 beneplacitum
549 3111 658 3176 tuum;
681 3110 711 3160 et
731 3117 772 3160 ne
795 3099 848 3159 de·

96 3202 213 3277 spicias
233 3199 493 3278 peccaminosam
509 3199 607 3259 vitam
624 3215 746 3258 meam:
768 3197 847 3257 nulli

97 3299 212 3359 melius
235 3315 295 3358 nec
318 3297 438 3358 clarius
453 3313 549 3374 quam
572 3296 628 3356 tibi
651 3295 712 3354 soli
731 3305 849 3354 notam.

99 3397 144 3456 Da
172 3396 252 3456 milri
281 3395 421 3456 Domine
450 3395 535 3454 scire
564 3393 649 3471 quod
679 3392 887 3452 sciendumso

97 3505 159 3568 est,
181 3495 242 3554 hoc
266 3509 373 3552 amare
396 3492 482 3568 quod
505 3491 677 3550 amandum
700 3500 765 3550 est:
788 3490 849 3548 hoc

453 3595 494 3637 mo
