2160 4194
102 400 867 456 &mmiffiffimffi

107 536 201 596 Finis
223 535 366 613 religiosi
389 545 440 596 est
468 535 621 595 omnibus
649 534 790 595 terrenis
814 534 867 594 ab·

106 634 242 695 dicatis:
266 634 335 694 Deo
357 650 473 694 vacare
496 633 530 693 in
552 632 691 710 puritate
713 632 820 693 cordis
836 641 868 693 et

107 730 259 792 custodia
273 731 349 791 oris.
375 730 480 791 Fortis
496 729 550 807 qui
567 730 746 791 contemnit
756 746 867 789 saecu-

107 830 196 906 lum3
228 828 342 889 fortior
372 828 427 905 qui
459 827 560 889 vincit
591 845 628 888 se
658 827 785 903 ipsum,
815 827 868 886 ab·

107 926 259 1004 negando
285 943 382 987 omne
405 926 589 1002 proprium:
617 936 750 1003 propter
771 925 890 988 Chri-s

108 1035 198 1085 stum
220 1041 343 1100 pauper
362 1034 478 1100 sponte
501 1023 649 1084 effectus
679 1023 712 1084 Si
736 1040 801 1087 non
817 1023 874 1083 vis.

108 1123 246 1183 distrahi
270 1132 302 1183 et
322 1121 423 1182 laedi:
452 1121 518 1181 noli
543 1121 660 1181 alienis
689 1121 786 1181 rebus
809 1121 867 1181 im·

100 1219 234 1295 plicari.
277 1218 374 1296 Quod
396 1218 453 1279 tibi
475 1236 541 1279 non
566 1229 616 1279 est
637 1218 867 1279 commissum:

108 1327 215 1377 taceat
236 1333 336 1392 super
351 1318 412 1377 hoc
427 1333 465 1377 os
480 1326 582 1377 tuum.
612 1315 646 1376 Si
661 1316 784 1377 videris
798 1316 866 1393 geri

110 1431 178 1475 non
194 1424 297 1475 recta:
319 1432 360 1475 ne
375 1425 499 1476 temere
519 1414 645 1475 iudices
660 1423 769 1475 tamen
785 1413 868 1474 lacta
879 1429 904 1470 ro

108 1512 170 1573 tibi
192 1512 309 1589 ignota.
345 1513 438 1573 Bene
460 1511 606 1572 delibera
626 1520 799 1589 antequam
822 1512 868 1571 lo·

110 1610 239 1687 quaris:
263 1628 305 1671 ne
328 1609 466 1686 capiaris
488 1610 521 1670 in
544 1609 654 1671 verbo.

154 1707 245 1769 Cave
273 1724 292 1767 a
316 1707 478 1785 frequenti
508 1706 613 1767 exitu:
642 1717 674 1769 et
702 1708 756 1768 ubi
785 1725 868 1784 opus

109 1823 178 1865 non
207 1805 307 1866 habes
336 1823 378 1867 ne
407 1806 553 1866 accedas.
601 1804 634 1865 Si
663 1804 869 1866 oboedientia

109 1903 202 1963 iubet
223 1904 275 1963 vel
297 1903 429 1964 utilitas·
442 1901 592 1980 requirit,
615 1902 696 1962 vade
718 1919 792 1962 cum
815 1902 905 1962 de·ts

109 1999 199 2060 centi
221 1999 408 2076 disciplina:
431 2009 463 2060 et
484 2000 548 2060 cito
570 1999 609 2059 ad
631 2009 685 2060 tua
703 2009 868 2060 revertere

109 2107 248 2158 secreta.
280 2097 371 2158 Foris
393 2098 507 2158 oculos
529 2097 674 2172 custodi3
695 2113 792 2157 aures
814 2097 869 2157 ob-

108 2205 184 2256 tura
214 2212 232 2254 a
263 2195 468 2255 rumoribus:
502 2195 632 2255 refrena
662 2194 805 2271 linguam
837 2203 869 2254 et

108 2295 229 2354 bonam
253 2293 496 2354 meditationem
512 2309 655 2353 assume.
683 2290 867 2368 Antequam

108 2407 210 2451 exeas
232 2390 411 2451 orationem
434 2390 622 2467 praemitte:
644 2406 702 2466 pro
722 2388 905 2464 diligentiao

108 2487 259 2548 custodia
269 2487 351 2548 viae.
381 2488 476 2565 Lege.
501 2487 613 2563 Dirige
625 2486 765 2546 Domine
778 2486 869 2545 Deus

108 2602 217 2660 meus,
231 2583 265 2644 in
281 2595 458 2661 conspectu
474 2595 529 2646 tuo
544 2584 629 2644 viam
646 2600 761 2644 meam.
792 2583 868 2642 Per·

109 2683 173 2742 lice
194 2697 329 2759 gressus
344 2698 436 2743 meos
459 2682 491 2741 in
507 2680 634 2741 semitis
648 2680 730 2741 tuis:
753 2690 867 2741 utnon

109 2790 304 2841 moveantur
323 2780 460 2856 vestigia
474 2795 556 2840 mea.
587 2779 679 2838 lesus
702 2788 734 2839 et
749 2778 867 2838 Maria:

108 2877 177 2938 sint
199 2894 327 2937 mecum
350 2894 482 2954 semper
503 2876 535 2936 in
558 2875 620 2936 via.
876 2893 904 2935 25

153 2975 241 3035 Inter
261 2991 360 3050 opera
388 2985 442 3036 tua
464 2991 590 3034 memor
617 2972 664 3032 sis
689 2972 796 3032 dilecti
819 2973 865 3033 tui

109 3074 186 3133 lesu
199 3082 315 3133 cuncta
325 3072 491 3133 cernentis
502 3071 562 3132 sub
579 3071 682 3131 caelo:
698 3070 753 3148 qui
769 3070 867 3131 corda

108 3171 247 3231 rimatur
274 3169 307 3230 in
337 3169 489 3230 omnibus
517 3169 599 3229 locis
628 3178 660 3229 et
688 3168 788 3228 horis.
831 3167 864 3228 Si

108 3285 176 3329 non
199 3268 249 3328 vis
272 3267 407 3328 irretiri:
429 3267 495 3327 noli
512 3265 765 3342 circumspicere
785 3265 866 3324 mul·

107 3376 189 3426 tum.
240 3363 336 3426 Oculi
368 3364 469 3424 duces
500 3379 675 3423 sensuum:
711 3363 774 3423 cito
810 3379 904 3424 corso

107 3480 226 3540 vagum
256 3460 414 3522 inliciunt.
464 3459 552 3538 Quid
580 3460 712 3536 prodest
742 3458 865 3533 videre,

147 3567 240 3609 Thomae
250 3578 263 3608 a
274 3566 301 3610 K.
313 3563 397 3619 Opera.
413 3563 443 3609 11.
468 3564 508 3607 337
730 3563 758 3605 22
