2142 4194
76 577 219 637 curiosis
250 587 282 639 et
311 575 488 637 damnosis.
531 575 656 637 Oculos
680 576 838 635 habentes

75 692 139 734 non
172 675 347 750 videmus;
378 683 410 733 et
438 673 515 749 quid
547 690 644 734 curae
674 672 770 733 nobis
798 673 838 732 de

75 773 257 848 generibus
282 782 315 833 et
334 771 537 847 speciebus?
579 771 644 832 Cui
668 781 838 832 aeternum

76 872 215 931 verbum
249 869 409 946 loquitur:
440 886 459 929 a
487 867 599 928 multis
629 868 839 944 opinionibus

77 968 262 1045 expeditur.
292 967 339 1027 Ex
354 983 419 1026 uno
435 966 536 1026 verbo
551 966 674 1043 omnia3
689 975 722 1026 et
737 984 862 1028 unums

77 1066 260 1143 loquuntur
282 1063 407 1124 omnia:
430 1073 462 1123 et
483 1064 546 1123 hoc
568 1074 618 1124 est
633 1063 840 1140 principium,

78 1164 165 1239 quod
189 1173 223 1223 et
245 1162 390 1239 loquitur
411 1160 515 1221 nobis.
558 1161 665 1222 Nemo
689 1162 761 1222 sine
783 1161 839 1222 illo
951 1184 954 1192 ¹

79 1260 257 1339 intellegit,
284 1269 338 1320 aut
360 1269 448 1320 recte
471 1259 601 1320 iudicat.
644 1259 709 1321 Cui
732 1260 841 1320 omnia

81 1376 182 1420 unum
206 1367 295 1433 sunt,
317 1366 350 1417 et
372 1357 481 1417 omnia
501 1358 540 1417 ad
555 1375 656 1418 unum
679 1358 787 1433 trahit,
809 1367 841 1417 et

80 1458 190 1518 ornnia
212 1457 248 1516 in
271 1474 337 1517 uno
352 1455 458 1532 videt;
478 1466 586 1532 potest
601 1457 727 1518 stabilis
743 1456 840 1518 corde
852 1474 877 1516 ro

80 1570 171 1615 esse:
208 1563 243 1614 et
273 1553 307 1614 in
340 1555 410 1613 Deo
445 1554 602 1630 pacificus
637 1571 841 1630 permanere.

82 1650 110 1712 O
133 1652 257 1713 veritas
275 1652 383 1712 Deus:
406 1652 456 1712 iac
476 1669 529 1713 me
552 1669 652 1713 unum
675 1661 783 1712 tecum
807 1652 840 1713 in

68 1738 215 1810 'caritate
232 1759 398 1826 perpetua.
427 1749 548 1811 Taedet
563 1768 616 1811 me
626 1767 725 1827 saepe
741 1751 843 1810 multa

82 1847 191 1924 legere
222 1857 255 1908 et
277 1846 406 1909 audire:
434 1848 468 1908 in
491 1858 522 1909 te
545 1859 595 1910 est
623 1858 725 1910 totum
755 1849 841 1925 quod

82 1947 157 2006 volo
172 1956 206 2006 et
222 1945 385 2006 desidero.
409 1945 551 2006 Taceant
561 1964 676 2008 omnes
691 1949 842 2009 doctores
853 1965 878 2006 ιε

84 2042 202 2104 sileant
224 2044 401 2105 universae
417 2054 585 2105 creaturae
607 2045 640 2105 in
663 2055 841 2122 conspectu

85 2152 155 2202 tuo:
178 2152 214 2203 tu
238 2142 319 2202 rnihi
342 2143 477 2219 loquere
499 2144 600 2203 solus.

125 2242 259 2319 Quanto
291 2239 409 2316 aliquis
440 2240 544 2316 magis
575 2239 636 2300 sibi
668 2241 780 2300 unitus
811 2253 843 2304 et

85 2340 224 2402 interius
247 2338 474 2414 simplificatus
497 2338 612 2414 luerit:
640 2347 729 2398 tanto
750 2340 843 2415 plura

86 2448 117 2498 et
136 2438 254 2498 altiora
275 2435 347 2495 sine
363 2436 473 2495 labore
495 2434 670 2512 intellegit:
692 2437 768 2513 quia
790 2440 880 2498 de-ao

87 2553 184 2612 super
199 2536 312 2595 lumen
328 2533 570 2609 intellegentiae
586 2534 712 2610 accipit.
736 2536 843 2597 Purus

88 2634 226 2710 simplex
237 2641 270 2692 et
280 2631 406 2692 stabilis
417 2630 552 2707 spiritus
563 2630 595 2691 in
612 2632 724 2693 multis
739 2635 843 2710 operi·

88 2732 146 2791 bus
168 2747 235 2792 non
259 2729 452 2805 dissipatur;
481 2729 558 2804 quia
586 2730 696 2791 omnia
719 2732 758 2791 ad
781 2733 842 2793 Dei

88 2829 245 2889 honorem
275 2837 443 2903 operatur:
473 2835 505 2886 et
532 2826 566 2886 in
596 2845 632 2887 se
657 2827 782 2889 otiosus
804 2831 842 2890 ab

88 2926 172 2988 omni
204 2925 336 3002 propria
366 2924 584 3001 exquisitione
616 2941 691 2986 esse
720 2926 879 2988 nititur.25

89 3023 171 3101 Quis
193 3033 225 3084 te
242 3023 345 3100 magis
359 3023 496 3099 impedit
510 3032 542 3083 et
556 3023 724 3101 molestat3
746 3043 842 3101 quarn

88 3130 140 3181 tua
160 3121 402 3181 immortificata
416 3119 547 3180 affectio
563 3121 698 3182 cordis?
730 3123 843 3183 Bonus

89 3228 119 3278 et
139 3220 279 3280 devotus
301 3221 400 3279 homo
429 3235 528 3295 opera
556 3235 616 3278 sua
637 3219 729 3294 prius
755 3220 843 3280 intus

90 3316 246 3393 disponit:
275 3334 359 3393 quae
388 3316 469 3376 loris
497 3331 593 3392 agere
622 3317 727 3377 debet.
773 3318 843 3378 Nec

91 3413 141 3474 illa
171 3416 304 3475 trahunt
335 3431 410 3474 eum
442 3414 481 3473 ad
513 3412 675 3474 desideria
706 3415 879 3477 vitiosaeso

93 3510 327 3574 inclinationis:
363 3513 421 3572 sed
456 3512 528 3588 ipse
564 3512 700 3574 inflectit
735 3530 773 3572 ea
804 3515 843 3573 ad

458 3617 472 3658 o
