2142 4194
219 401 340 452 &w
412 399 449 440 DE
466 397 644 441 ΙΜΙΤΑΤΙΟΝΕ
660 397 784 441 CHRISTl
855 400 979 452 Q&

221 533 308 611 quod
331 533 433 592 multa
455 533 521 593 scis
542 543 575 593 et
596 532 677 593 satis
697 534 781 594 bene
796 533 979 610 intellegis:

221 630 303 690 scito
326 640 433 691 tamen
456 631 533 707 quia
554 642 630 692 sunt
652 633 754 693 multo
779 633 871 708 plura
893 649 979 708 quae

221 728 341 789 nescis.
378 728 452 788 Noli
469 730 568 789 altum
592 746 724 806 sapere:
747 731 805 790 sed
827 729 980 806 ignoran-

221 827 297 887 tiam
330 836 416 886 tuam
449 827 552 903 magis
583 827 695 888 latere.
744 826 832 904 Quid
863 837 894 888 te
926 828 979 888 vis

198 924 317 984 salicui
340 925 523 1002 praeferre3
546 943 619 986 cum
636 926 747 1002 plures
762 925 926 987 doctiores
946 936 979 986 te
1052 935 1053 964 ³

221 1021 440 1098 inveniantur,
462 1032 494 1082 et
515 1023 618 1100 magis
640 1023 673 1083 in
696 1024 768 1100 lege
790 1023 913 1099 periti?
942 1023 978 1083 Si
1052 1025 1053 1030 ’

221 1120 271 1180 vis
294 1119 417 1180 utiliter
438 1119 559 1196 aliquid
582 1119 667 1180 scire
690 1129 722 1180 et
739 1120 883 1181 discere:
905 1138 980 1180 ama

221 1218 341 1289 nesciri
364 1227 397 1278 et
419 1234 476 1293 pro
499 1217 601 1277 nihilo
624 1217 777 1293 reputari.
814 1218 905 1278 Haec
928 1228 980 1279 est

221 1316 381 1377 altissima
402 1325 434 1376 et
455 1314 629 1375 utilissima
656 1316 769 1376 lectio:
799 1315 849 1376 sui
872 1315 979 1391 ipsius

186 1431 300 1474 rovera
321 1412 462 1490 cognitio
492 1422 524 1473 et
548 1412 725 1488 despectio.
769 1414 818 1474 De
846 1430 883 1473 se
905 1412 978 1489 ipso

221 1512 303 1572 nihil
326 1521 449 1587 tenere,
476 1520 508 1571 et
529 1512 570 1571 de
592 1510 664 1571 aliis
686 1527 818 1586 semper
839 1512 923 1571 bene
946 1521 979 1572 et

221 1611 284 1670 alte
307 1609 446 1669 sentire:
468 1626 585 1685 magna
605 1608 766 1684 sapientia
787 1619 837 1669 est
859 1618 891 1669 et
905 1626 979 1685 per-

221 1707 330 1768 fectio.
366 1706 400 1767 Si
423 1705 554 1766 videres
576 1706 675 1766 alium
698 1716 808 1782 aperte
830 1723 979 1783 peccare,
1052 1705 1053 1718 ¹

220 1806 273 1864 vel
288 1805 397 1881 aliqua
410 1803 521 1881 gravia
535 1814 740 1880 perpetrare;
757 1821 823 1863 non
839 1804 979 1865 deberes

187 1923 211 1964 rs
221 1914 253 1964 te
268 1913 377 1963 tamen
392 1902 562 1964 meliorem
574 1901 760 1963 aestimare:
777 1901 852 1978 quia
867 1902 979 1962 nescis

221 2018 317 2078 quam
341 2000 395 2060 diu
418 2000 526 2075 possis
547 2000 580 2059 in
603 2001 689 2060 bono
712 2010 807 2060 stare.
851 1999 979 2061 Omnes

222 2098 353 2174 fragiles
376 2115 507 2157 sumus:
530 2098 588 2157 sed
604 2107 637 2157 tu
654 2097 819 2158 neminem
837 2097 978 2174 fragilio-
1052 2159 1053 2176 χ

222 2213 290 2256 rem
313 2206 344 2256 te
365 2195 437 2271 ipso
460 2195 597 2255 tenebis.

314 2391 370 2452 DE
394 2390 624 2453 DOCTRINA
647 2389 885 2452 VERlTATls.

465 2544 670 2595 cnrnvuvn
689 2545 734 2594 111.

263 2638 284 2667 F
295 2662 297 2665 .
318 2642 321 2665 l

237 2706 239 2709 ·
263 2668 316 2774 iu*
331 2681 400 2742 Elix
416 2699 513 2758 quern
530 2681 650 2742 veritas
666 2699 775 2758 perse
791 2681 895 2756 docet,
910 2699 975 2742 non

272 2764 320 2830 aa<
349 2796 408 2854 per
430 2779 550 2856 figuras
574 2789 606 2839 et
628 2795 728 2839 voces
752 2788 976 2841 transeuntes:
1052 2801 1053 2838 i

221 2876 279 2937 sed
309 2876 404 2936 sicuti
434 2894 471 2937 se
500 2878 606 2937 habet.
656 2876 776 2936 Nostra
807 2876 916 2952 opinio
945 2887 977 2938 et

221 2985 334 3035 noster
355 2991 475 3035 sensus
497 2991 595 3052 saepe
617 2992 678 3034 nos
701 2975 798 3034 fallit:
821 2984 852 3034 et
875 2975 976 3035 modi-

185 3092 211 3132 25
222 3089 294 3133 cum
311 3071 409 3132 videt.
433 3071 522 3150 Quid
537 3071 670 3149 prodest
685 3090 800 3148 magna
815 3071 975 3132 cavillatio
1052 3115 1053 3120 η

221 3171 261 3230 de
284 3170 421 3231 occultis
444 3180 476 3231 et
493 3170 643 3231 obscuris
665 3171 780 3246 rebus;
802 3169 976 3245 dequibus

221 3286 282 3328 nec
311 3286 486 3345 arguemur
514 3269 547 3329 in
569 3268 690 3329 iudicio
713 3267 789 3345 quia
817 3267 976 3344 ignoravi·
1052 3301 1053 3304 =

221 3367 322 3426 mus?
354 3366 499 3428 Grandis
514 3365 703 3442 insipientia
717 3364 803 3442 quod
819 3365 975 3441 neglectis
1052 3387 1053 3390 ¹

222 3463 355 3524 utilibus
378 3475 409 3525 et
431 3464 645 3526 necessariis:
670 3464 753 3523 ultro
776 3462 975 3524 intendimus

594 3569 606 3608 s
