2178 4186
91 465 174 520 m
234 461 504 506 RECOMMENDATlO
520 461 714 505 HVMlLlTATIS
771 461 852 515 m

92 599 225 660 Tacitus
240 598 421 659 monachus
437 595 627 673 frequenter
641 612 755 656 orans:
775 611 849 655 cum

94 702 166 760 Deo
188 699 331 759 ambulat
356 706 389 756 et
410 696 536 756 caelum
558 703 716 772 penetrat.
759 693 850 752 Bene

94 813 235 873 operans
257 804 289 855 et
303 794 455 855 iniuriam
473 794 616 870 patiens:
639 793 765 852 fructus
786 791 852 851 col·

94 893 314 972 ligitoptimos
324 893 358 953 in
370 892 489 953 futuro.
515 891 581 970 Qui
592 891 724 951 subtilia
734 890 852 967 cogitat

95 992 274 1054 ethumilia
284 990 440 1068 neglegit:
464 989 591 1050 foveam
603 999 693 1065 parat
704 988 738 1048 in
754 1005 874 1065 quams

94 1090 229 1151 nescius
257 1088 351 1150 cadit.
402 1087 467 1164 Qui
496 1087 535 1146 ad
564 1086 678 1146 altiora
705 1086 835 1145 anhelat
844 1102 854 1167 ει

94 1187 274 1264 suspendio
296 1186 437 1246 animam
453 1194 557 1244 necat.
587 1184 736 1244 Prudens
753 1186 851 1244 homo

94 1286 177 1346 nihil
199 1285 449 1363 praecipitanter
463 1283 536 1360 agit.
566 1281 687 1342 Fidelis
708 1281 754 1341 nil
776 1298 852 1358 neg·

95 1383 189 1460 legit:
227 1400 288 1443 nec
326 1381 473 1442 fraudem
511 1380 693 1440 committit.
743 1379 852 1440 lustus

95 1498 213 1542 causas
223 1497 333 1541 rerum
347 1479 519 1554 examinat,
534 1487 706 1555 antequam
723 1478 852 1538 iudicat.
864 1496 889 1536 ro

95 1579 165 1640 Sub
186 1578 297 1654 specie
318 1578 406 1653 boni,
431 1576 500 1637 lere
524 1575 707 1652 decipimur
727 1592 852 1637 omnes.

96 1677 164 1754 Qui
187 1676 285 1736 nimis
307 1675 369 1736 sibi
392 1674 541 1735 conlidit:
570 1674 716 1750 periculo
741 1691 778 1734 se
799 1691 853 1734 ex-

94 1773 197 1851 ponit.
247 1772 441 1835 Consultius
470 1772 550 1849 agit:
581 1772 636 1849 qui
666 1781 800 1848 experto
822 1780 854 1831 et

96 1871 233 1932 doctiori
255 1871 443 1949 acquiescit.
487 1869 672 1932 Consilium
696 1886 854 1946 quaerere

96 1979 130 2030 et
158 1967 322 2030 orationes
351 1977 479 2044 petere:
508 1967 700 2027 humilitatis
729 1977 779 2027 est
806 1966 890 2028 in·15

96 2067 229 2128 dicium.
264 2065 368 2142 Saepe
385 2066 476 2125 Deus
498 2081 558 2140 per
572 2064 670 2124 alium
693 2063 853 2141 loquitur:

96 2165 184 2242 quod
207 2163 331 2224 homini
353 2180 471 2240 perse
493 2180 558 2222 non
575 2163 707 2222 revelat.
740 2162 776 2222 ln
792 2163 854 2221 hoc

95 2279 214 2340 magna
235 2261 402 2323 humilitas
424 2272 456 2322 et
480 2259 685 2321 oboedientia
707 2268 855 2335 apparet;

96 2378 172 2421 cum
203 2361 276 2438 quis
307 2360 444 2420 verbum
474 2358 535 2418 Dei
567 2358 605 2417 ab
634 2356 767 2417 homine
797 2355 855 2415 im·

96 2459 202 2536 perito
230 2458 335 2519 audit:
364 2467 396 2518 et
425 2465 595 2516 mansuete
623 2454 780 2515 iracundo
806 2470 892 2513 reno

96 2555 239 2632 spondit.
283 2555 348 2615 Res
376 2554 473 2630 plena
501 2553 612 2613 laude:
641 2552 680 2611 ad
702 2551 854 2611 iniuriam

95 2663 216 2714 tacere.
260 2653 325 2711 Res
353 2650 548 2711 confusione
576 2649 672 2726 digna
693 2647 854 2724 superiori

97 2749 339 2811 contradicere:
356 2764 417 2807 nec
433 2748 658 2822 obtemperare
673 2744 856 2822 praeceptis

96 2858 153 2908 aut
188 2846 321 2907 monitis
355 2845 521 2905 virtuosis.
577 2845 685 2904 Verus
722 2842 856 2903 humilis

97 2945 230 3006 oboedit
245 2943 341 3004 etiam
358 2943 391 3002 in
406 2942 543 3019 asperis,
563 2953 595 3002 et
609 2941 729 3002 vilibus
744 2941 855 3001 iussis.
864 2961 892 3001 25

98 3042 180 3102 Plus
195 3041 347 3101 omnibus
362 3041 396 3100 in
411 3040 527 3116 spiritu
547 3039 691 3116 prolicit:
713 3039 767 3116 qui
784 3056 856 3116 pro·

98 3139 234 3199 fundius
256 3156 292 3199 se
314 3138 473 3199 humiliat.
510 3137 648 3197 Hostem
672 3154 767 3197 suum
791 3153 856 3196 uno

7 3245 9 3260 '
96 3239 165 3298 ictu
180 3237 374 3314 prosternit:
390 3236 445 3313 qui
456 3235 623 3312 proprium
636 3234 749 3294 videre
760 3233 856 3294 citius

98 3335 227 3412 frangit.
271 3334 359 3412 Quid
382 3343 445 3394 tam
469 3350 577 3393 rarum
603 3342 635 3393 et
657 3332 856 3407 mirandum3

97 3433 184 3494 sicut
213 3450 328 3510 magna
354 3448 466 3508 agere,
495 3441 527 3490 et
556 3430 723 3490 humiliter
751 3429 791 3489 de
819 3445 894 3492 seso

97 3531 250 3591 sentire?
293 3530 380 3608 Quid
409 3529 510 3605 plus?
557 3528 671 3589 Gratia
701 3527 761 3587 Dei
791 3543 857 3586 non

460 3633 497 3674 aar
