2142 4194
376 477 494 520 Praefatio.

47 631 63 670 a
93 630 150 672 me
192 611 352 671 rationem
385 610 546 671 redditum
582 610 620 670 iri
653 626 813 669 moneam.

48 710 199 771 Adhibui
224 720 332 770 autem
355 727 420 770 non
444 709 551 769 solum
581 713 739 786 quotquot
761 724 814 767 ex·

48 818 115 869 tant
138 809 355 884 autographa,
379 807 437 868 sed
462 807 558 867 etiam
582 806 712 866 codices
734 805 814 882 opti-

51 924 122 966 mos
138 906 253 966 adhuc
264 905 436 965 maximam
447 914 571 981 partem
583 904 635 963 vel
648 904 814 980 neglectos

51 1005 102 1063 vel
119 1004 256 1080 ignotos
272 1004 499 1081 editionesque
515 1021 590 1063 cum
605 1014 731 1064 ceteras
746 1012 814 1063 tum

52 1103 206 1162 omnium
229 1103 366 1179 primam
388 1101 631 1162 Traiectensem
657 1102 731 1161 anni
755 1101 814 1161 cir-

53 1200 137 1260 citer
152 1202 232 1259 1473
245 1200 294 1275 (z
314 1200 399 1260 Hain
414 1201 504 1275 9768,
520 1199 560 1260 de
576 1200 705 1260 Backer
713 1199 815 1274 2888),

53 1298 179 1374 quibus
202 1299 281 1359 artis
303 1298 435 1359 criticae
457 1299 578 1375 regulis
594 1298 751 1358 insistens
772 1296 816 1356 ita

55 1413 139 1456 usus
163 1413 255 1472 sum,
284 1405 319 1456 ut
340 1396 613 1472 postulationibus
642 1405 674 1456 et
702 1394 816 1454 asceti-

56 1509 173 1552 corum
197 1502 228 1553 et
248 1494 486 1569 philologorum
503 1493 693 1553 satisfacere
708 1492 816 1552 stude·

56 1607 139 1650 rem.
187 1590 284 1667 Quod
314 1599 490 1667 utrumque
519 1601 553 1651 ut
581 1590 816 1665 consociarem‚

57 1688 225 1764 quomodo
247 1705 378 1764 operam
408 1689 571 1765 dederim,
600 1689 684 1749 inira
705 1706 735 1763 p.
757 1690 817 1748 479

58 1787 181 1847 rettuli.
222 1786 373 1863 Denique
395 1803 437 1847 ne
459 1787 536 1863 quid
558 1787 652 1862 desit,
674 1787 761 1863 quod
783 1786 816 1845 in

58 1883 250 1944 huiusmodi
282 1883 480 1944 editionibus
516 1884 657 1960 optabile
688 1885 815 1944 censeri

59 1981 160 2041 hodie
182 1982 282 2057 solet,
310 1982 550 2042 adnotationem
580 1982 742 2057 criticam,
770 1981 817 2041 in-

61 2079 153 2140 dices
182 2079 459 2156 locupletissimos
487 2080 678 2157 tabulasque
705 2080 817 2154 photo-

61 2179 233 2254 graphicas
244 2178 413 2238 adicienda
423 2178 609 2238 curavimus
618 2176 818 2238 curabimus·

63 2293 145 2351 que,
176 2292 259 2353 quae
288 2278 352 2336 duo
381 2277 562 2352 posteriora
590 2275 623 2334 in
652 2275 818 2335 volumine

64 2374 178 2449 quinto
200 2376 286 2436 haud
308 2376 377 2436 scio
392 2393 433 2435 an
449 2392 522 2435 mea
537 2375 631 2451 culpa
652 2391 748 2451 aegre
765 2373 819 2433 de·

63 2472 256 2534 siderentur.

116 2651 154 2711 1).
197 2668 224 2710 a.
274 2651 303 2711 d.
355 2652 398 2711 111
449 2652 604 2712 kalendas
655 2652 819 2712 lanuarias

65 2738 331 2812 Nomii
346 2751 602 2828 Poppelsdorpio
617 2769 718 2828 prope
734 2751 820 2811 Bon·

66 2865 149 2908 nam.
