2160 4194
82 452 843 505 πωπωτπωπωω

85 586 197 646 lesum
208 584 399 647 incarcerati
415 595 447 646 et
462 585 562 646 vincti
580 586 720 646 fuerunt.
753 585 843 661 Elige

85 700 164 760 ergo
173 682 217 742 ibi
227 683 459 760 sponteligari:
475 693 509 744 ut
520 694 705 744 sanctorum
718 682 844 743 meritis

85 779 196 856 possis
218 779 401 860 coaequari.
445 780 535 857 Liget
557 789 588 842 te
617 781 726 857 potius
749 780 846 840 timor

87 879 150 939 Dei
167 895 264 955 quam
281 877 421 938 serrum:
444 888 476 938 et
491 878 608 938 caritas
623 877 725 955 magis
748 895 843 955 quam

86 975 210 1037 indicta
231 976 422 1036 necessitas,
458 975 578 1038 Sinon
600 991 708 1036 amor:
730 976 869 1036 saltems

88 1074 189 1134 timor
219 1072 280 1134 Dei
313 1082 345 1134 te
376 1084 535 1135 coerceat.
587 1073 662 1133 Non
693 1090 730 1134 es
760 1073 845 1133 male

87 1172 223 1249 ligatus:
245 1171 272 1232 si
288 1171 406 1232 timore
421 1170 541 1232 inferni
558 1180 773 1247 compunctus
788 1187 846 1246 pro

88 1279 298 1346 peccatorum
330 1279 460 1330 tuorum
491 1267 702 1345 paenitudine
737 1277 768 1328 te
800 1266 846 1326 in-

89 1366 241 1428 cluseris.
283 1366 372 1426 Male
394 1366 481 1443 ligati
504 1376 596 1426 sunt:
618 1365 672 1442 qui
696 1365 793 1426 corde
816 1373 848 1424 et

90 1481 229 1541 corpore
250 1463 379 1541 evagari
402 1474 572 1541 quaerunt.
615 1464 707 1524 Bene
731 1462 848 1539 ligatus
860 1481 885 1524 ιο

91 1572 151 1638 est,
166 1561 221 1638 qui
235 1563 306 1624 Deo
320 1562 492 1638 proiessus
507 1571 574 1623 est:
589 1573 622 1623 et
632 1571 722 1622 extra
732 1561 847 1621 cellam

94 1660 140 1720 ire
157 1659 334 1720 inclinatus
348 1677 413 1720 non
430 1669 489 1720 est.
515 1659 549 1722 Si
560 1660 611 1721 vis
622 1659 655 1719 in
667 1676 705 1719 ea
715 1660 848 1719 durare:

93 1773 270 1833 numquam
293 1757 340 1818 sis
365 1756 500 1818 otiosus.
535 1756 659 1818 Acedia
682 1766 715 1816 et
730 1755 848 1816 otium:

94 1855 260 1932 expellunt
282 1855 478 1916 monachum
502 1854 677 1914 verbosum
700 1854 740 1914 de
758 1853 849 1914 cella.

94 1951 217 2014 Amans
240 1952 406 2014 silentium
429 1963 462 2015 et
476 1969 615 2029 operans
633 1969 707 2012 cum
723 1951 849 2028 quiete:
862 1971 887 2014 15

11 2033 14 2048 ’
94 2052 200 2112 bonus
235 2050 298 2112 erit
332 2061 443 2112 custos
474 2051 586 2111 cellae.
637 2049 671 2110 Si
708 2048 849 2111 taedium

95 2165 211 2224 passus
235 2147 347 2223 fueris,
371 2165 429 2224 pro
452 2147 587 2209 Christo
609 2147 760 2225 agoniza:
789 2163 850 2206 nec

95 2246 227 2323 patiaris
249 2257 280 2307 te
302 2246 420 2322 expelli
437 2261 476 2305 ex
496 2245 560 2306 levi
575 2262 683 2306 causa.
712 2244 746 2307 Si
763 2259 851 2304 man-

94 2344 179 2406 seris
201 2343 344 2404 stabilis:
372 2343 436 2403 cito
465 2352 611 2405 vertetur
639 2359 750 2402 carcer
776 2352 851 2402 tuus

95 2442 128 2503 in
150 2441 337 2518 paradisum
362 2442 547 2517 voluptatis.
590 2439 699 2503 Sancti
728 2439 761 2500 in
784 2456 888 2500 car-20

96 2539 227 2601 ceribus
249 2556 307 2615 pro
330 2539 465 2600 Christo
492 2539 632 2614 detenti,
659 2538 698 2598 ab
727 2538 852 2615 angelis

96 2635 220 2698 sanctis
242 2636 433 2713 frequenter
454 2647 531 2698 sunt
556 2635 677 2697 visitati
699 2646 733 2696 et
753 2635 852 2695 abun-

95 2734 226 2796 dantius
255 2734 423 2796 consolati.
466 2733 513 2794 Tu
542 2749 674 2811 quoque
702 2732 729 2794 si
758 2743 790 2793 te
819 2732 852 2793 in

97 2830 854 2909 cellapatienterp'roChristoclauseris,veniet

97 2930 152 2991 tibi
177 2930 242 2990 cito
265 2930 336 2990 Deo
359 2929 536 2991 miserante
564 2929 675 2990 lumen
702 2927 890 2990 caelitustas

97 3028 201 3088 bonae
224 3026 445 3088 conscientiae
466 3026 630 3103 gaudium,
651 3035 684 3087 et
701 3042 852 3103 magnum

98 3123 277 3201 spiritualis
292 3124 460 3200 profectus
475 3125 612 3185 lucrum.
642 3124 707 3201 Qui
723 3124 757 3184 in
773 3124 855 3184 celia

99 3221 237 3283 residet:
259 3221 402 3281 amultis
419 3221 574 3297 periculis
596 3220 679 3282 liber
694 3230 753 3281 est.
788 3220 853 3297 Qui

101 3319 180 3380 ioris
202 3328 351 3396 vagatur:
376 3318 559 3380 innumeris
581 3318 737 3395 periculis
758 3327 854 3394 patet.

101 3417 192 3478 Bona
227 3418 329 3478 celiae
364 3427 532 3494 nequeunt
567 3415 772 3477 sufficienter
802 3433 892 3482 ex-ao

102 3515 229 3590 plicari:
258 3514 343 3575 sicut
372 3531 434 3575 nec
462 3514 656 3575 detrimenta
685 3523 775 3574 extra
802 3531 855 3574 va·

457 3618 498 3660 295
