2138 4196
212 463 334 517 &m
405 463 443 508 DE
459 465 638 509 litlintona:
653 466 777 511 CHRISTI
846 469 974 522 &Q

213 596 423 658 sericordiam
439 607 526 659 tuam
542 599 764 677 poscentibuS,
778 602 818 661 da
831 602 970 679 gratiam

211 691 450 772 indigentibus3
471 706 504 756 et
519 697 569 756 iac
584 714 645 757 nos
661 697 744 757 tales
759 698 911 774 existere,
935 709 971 760 ut

212 790 316 851 simus
328 791 415 869 digni
430 794 532 870 gratia
546 804 600 854 tua
615 793 755 870 perfrui:
771 795 852 856 etad
866 796 967 857 vitam

211 889 420 963 proficiamus
441 902 617 952 aeternam.
660 890 776 953 Amen.

187 1109 200 1148 ⁵
233 1092 363 1169 Qvoo
391 1093 554 1157 sacra
582 1096 854 1158 connvmo
881 1098 944 1157 oa

233 1189 377 1252 metm
399 1192 493 1254 uon
517 1193 593 1254 asr
613 1192 945 1270 namuovauon.

448 1379 525 1423 VOX
552 1378 725 1426 DILECTI.

460 1537 666 1588 CAPITVLVM
684 1539 713 1588 X.

207 1613 504 1835 &mquam
525 1675 758 1735 recurrendum
775 1685 825 1735 est
839 1675 878 1736 ad
896 1675 968 1736 lon·

172 1786 196 1826 ro
332 1782 398 1831 tem
430 1772 570 1848 gratiae,
606 1784 637 1834 et
672 1774 801 1834 divinae
836 1774 967 1835 miseri·

206 1869 352 1930 cordiae:
384 1871 423 1931 ad
460 1871 583 1932 iontem
615 1872 768 1934 bonitatis
801 1882 833 1932 et
862 1872 966 1932 totius

206 1966 371 2044 puritatis3
393 1979 554 2045 quatenus
576 1988 595 2030 a
614 1970 822 2046 passionibus
842 1970 910 2030 tuis
932 1981 966 2031 et

205 2063 293 2125 vitiis
316 2067 421 2126 curari
443 2068 569 2128 valeas:
599 2079 631 2129 et
657 2078 768 2129 contra
790 2068 965 2128 universas

205 2163 433 2239 temptationes
464 2176 497 2226 et
525 2166 669 2226 fallacias
700 2165 817 2226 diaboli
849 2165 966 2226 fortior
1066 2189 1067 2230 l

171 2270 301 2336 rsatque
317 2260 501 2337 vigilantior
512 2263 598 2323 ellici
610 2262 777 2324 merearis.
805 2261 964 2322 Inimicus

204 2357 314 2417 sciens
342 2358 481 2420 fructum
512 2371 544 2422 et
573 2360 753 2421 remedium
782 2359 962 2421 maximum

204 2455 237 2514 in
273 2473 366 2516 sacra
401 2459 633 2520 communione
669 2459 831 2535 positum:
871 2458 961 2519 omni

204 2553 300 2614 modo
323 2565 355 2615 et
376 2555 549 2616 occasione
579 2557 692 2617 nititur
716 2556 830 2617 fideles
852 2563 885 2615 et
907 2555 963 2614 de-

203 2661 296 2711 votos
318 2663 474 2728 quantum
490 2656 656 2730 praevalet
671 2656 837 2715 retrahere
854 2663 887 2714 et
902 2654 962 2713 im·

166 2750 325 2824 aopedire.
364 2750 450 2812 Cum
474 2752 561 2812 enim
584 2753 714 2830 quidam
738 2768 850 2812 sacrae
873 2768 962 2812 com·

202 2848 349 2908 munioni
386 2865 422 2908 sc
457 2860 567 2926 aptare
600 2850 793 2926 disponunt:
828 2849 961 2925 peiores

202 2955 333 3007 satanae
355 2947 578 3008 immissiones
600 2947 775 3024 patiuntur.
807 2948 881 3023 lpse
902 2964 961 3008 ne·

201 3059 297 3118 quarn
320 3043 472 3120 spiritus,
500 3056 535 3106 ut
556 3046 589 3104 in
614 3045 669 3104 Iob
694 3045 848 3105 scribitur
868 3046 961 3106 venit

201 3139 286 3200 inter
314 3140 399 3201 lilios
422 3141 500 3202 Dei:
530 3152 564 3202 ut
593 3142 688 3202 solita
716 3142 791 3201 illos
813 3143 961 3219 nequitia

164 3253 261 3296 assua
282 3239 449 3313 perturbet
470 3250 524 3300 aut
545 3240 676 3300 timidos
692 3239 828 3299 nimium
845 3240 960 3301 reddat

201 3344 233 3394 et
261 3336 450 3412 perplexos3
478 3337 631 3413 quatinus
659 3335 812 3397 affectum
842 3354 958 3398 eorum

200 3430 325 3492 minuat
352 3434 404 3493 vel
437 3433 532 3494 iidem
565 3435 784 3511 impugnando
814 3434 959 3497 auferat:

200 3527 226 3586 si
253 3527 336 3590 forte
365 3540 419 3590 aut
447 3533 581 3593 omnino
611 3533 876 3593 communionem
908 3551 959 3596 re-

559 3637 596 3679 na
