2178 4186
522 454 686 507 Epilegornenn.

228 588 304 648 dum
334 586 517 647 curaverim
541 603 717 663 exponam,
746 587 883 649 historia
911 587 984 648 eius
1073 653 1074 658 γ

226 668 356 728 videtur
377 667 598 728 adumbranda
619 684 703 728 esse.

267 746 375 824 Atque
386 764 470 824 qnae
484 747 539 807 ille
554 747 730 824 praecipue
744 748 895 809 habuerit
911 748 984 823 fata,

227 829 261 889 in
283 827 388 904 primo
411 827 515 904 ipsius
540 828 618 888 iolio
641 828 859 904 complurium
882 829 984 890 mani·

226 909 287 969 bus
309 908 466 985 scriptum
490 917 540 968 est
561 907 672 969 verbis
694 909 802 969 hisce:

227 1007 292 1066 Fol.
318 1009 359 1066 1¹:
402 1005 472 1067 Soc.
493 1006 565 1066 Iesu
585 1006 679 1066 Anto.
700 1007 738 1066 D.
759 1007 812 1066 P.¹

267 1103 334 1165 Sub
357 1103 476 1181 quibus
497 1105 579 1164 haec
601 1105 753 1181 leguntur
767 1105 885 1165 litteris
906 1123 984 1182 qua·
1073 1082 1076 1142 i

226 1183 349 1245 dratis²
370 1193 500 1245 exarata
521 1201 619 1245 manu
641 1194 845 1261 pervetusta:

266 1274 358 1333 Liber
369 1274 559 1350 Monosterij
574 1271 690 1334 eonor-
709 1273 712 1352 i
732 1278 807 1334 coni
822 1276 984 1349 regulario

224 1364 261 1423 In
283 1365 367 1423 rndte
385 1360 388 1440 Ι
407 1365 459 1424 set
478 1361 610 1438 Agnetis
630 1352 730 1439 virgi}
747 1379 786 1424 ac
807 1361 877 1442 ni'ri
897 1363 984 1424 tiris³

221 1449 343 1520 prope⁴
358 1442 515 1521 satollia!

266 1539 317 1600 Ad
332 1558 415 1618 quae
431 1541 595 1601 recentior
609 1557 725 1600 manus
745 1539 830 1600 infra
844 1540 983 1600 addidit:

225 1637 319 1696 qoem
340 1622 389 1680 Ρ)
402 1622 500 1696 ]οαη.
522 1622 673 1682 Latomos
696 1622 861 1698 professus
880 1619 884 1698 ι
903 1621 984 1680 ord.⁶

225 1701 430 1777 Regularinrn
453 1701 487 1761 in
512 1699 634 1761 iitrono
655 1701 859 1770 B.²tMoriae
882 1717 985 1777 prope

226 1782 406 1853 Herentals,
421 1782 562 1842 eiusdem
582 1780 585 1859 i
604 1781 727 1841 ordinis
742 1780 910 1842 Generalis
923 1781 984 1842 Mi-

226 1863 327 1921 nister
334 1864 428 1940 socta
447 1863 451 1940 1
469 1861 655 1922 visitatione
667 1861 857 1937 Monosterij
867 1861 985 1937 S.⁸Ag·

226 1942 309 2002 netis
321 1941 323 2011 i
332 1958 433 2018 prope
447 1941 600 2003 Swollarn
615 1942 756 2002 eiusdem
766 1941 884 2001 Monas
896 1941 898 2010 j
912 1942 985 2017 terii
1077 1945 1078 1962 ¹

226 2023 329 2083 ruinis
349 2028 489 2099 ereptam
511 2039 551 2083 ne
570 2023 701 2098 penitus
719 2020 722 2100 i
742 2021 886 2082 interiret
905 2021 984 2082 Ant·

227 2103 370 2178 narniam
391 2104 529 2163 attatum
549 2101 552 2180 i
565 2102 690 2177 Joanni
710 2103 856 2162 Βεὶἱιενοθ
877 2103 984 2163 amico

225 2183 322 2244 veteri
338 2183 370 2243 ὃ
386 2181 489 2259 fildeii
502 2184 605 2243 DD.¹⁰
619 2199 707 2243 anno
721 2181 846 2243 Salutis
870 2185 956 2243 1577
977 2181 981 2254 Ι

267 2282 358 2341 Haec
382 2281 436 2341 iol.
461 2284 489 2341 lv
511 2281 559 2341 sic
581 2281 827 2342 continuantur:
1078 2335 1079 2354 ff

266 2371 362 2430 Porro
373 2371 493 2445 Joann.
515 2370 659 2430 Bellenrs
679 2367 791 2448 PP.¹1l
811 2369 984 2431 Societotis
1078 2407 1079 2420 κ

221 2452 310 2526 Jesn,
333 2451 367 2511 in
387 2450 525 2526 gratiam
544 2447 547 2527 i
566 2466 694 2509 snorum
714 2449 879 2522 Filiorum,
902 2467 985 2526 qnos
1078 2511 1079 2520 ,

225 2531 305 2591 eade}
322 2529 326 2608 ι
344 2531 482 2592 societas
502 2531 820 2618 reiigiosrffloetst,
842 2531 957 2592 tabens
977 2531 980 2602 Ι

226 2621 365 2682 donauit
389 2620 494 2680 Kalen
513 2619 608 2695 Jnnij
632 2619 739 2698 159ot

267 2788 276 2815 ¹
292 2787 361 2839 Lege:
376 2787 494 2829 societatis
507 2788 557 2829 Iesu
571 2786 704 2840 Antverpiae
718 2787 800 2828 ὒοηιιιε
814 2785 940 2838 Professae.

216 2857 220 2863 '
267 2851 276 2876 ²
291 2848 341 2891 Cir.
356 2850 450 2892 Hirsche
465 2849 485 2891 11
500 2849 575 2892 7-10.

267 2913 276 2939 ³
291 2911 361 2964 Lege:
374 2911 533 2955 Canonicornm
543 2913 676 2966 regularium
687 2912 712 2953 In
723 2915 796 2953 monte
805 2915 882 2953 sancte
891 2911 984 2965 Agnetis

225 2966 317 3018 virginis
331 2977 358 3007 ac
373 2967 477 3010 martiris.

267 3029 357 3082 ⁴prope
371 3041 412 3081 per
425 3029 583 3124 comfendium
603 3029 713 3081 scriptum
730 3035 771 3069 est.
801 3023 908 3069 Ceterum
924 3040 984 3070 com-

227 3082 308 3135 pendia
323 3094 367 3123 non
382 3083 462 3125 dubiae
486 3084 579 3124 eodonis
595 3082 622 3123 ad
632 3081 747 3123 evitandas
763 3079 906 3124 difficultates
920 3092 984 3136 typo·

226 3136 344 3189 graphicns
359 3137 460 3190 posthac,
475 3143 541 3189 prout
555 3135 698 3177 commodum
713 3137 762 3188 erit,
777 3136 841 3176 tacite
856 3135 954 3178 solvam.

268 3198 374 3242 trram.
457 3199 570 3242 ⁸ordinis.
654 3197 770 3241 rotatae.
853 3197 983 3243 ⁸Sanctae.

266 3261 276 3287 ⁰
291 3259 325 3302 De
341 3260 421 3302 Ioanne
433 3260 507 3303 Beller
521 3273 561 3303 seu
573 3260 659 3302 Bellene
674 3260 764 3302 homine
779 3260 843 3302 docto
858 3261 984 3314 eodemque

226 3322 234 3355 t
250 3314 529 3411 ροςῖἳρὴεῖἒδηδῐνεῐτρίεηιεῐί
538 3313 854 3420 (ῒῗὸθιδὲοῐπ,ς3ἰδ1ἰοςῐιρὴίο
862 3315 983 3368 nationale,

248 3380 301 3410 ruxe
320 3380 345 3409 es
414 3381 490 3421 ,om.
542 3381 585 3410 co.
649 3380 701 3420 sq,

257 3428 277 3458 ¹⁰
291 3431 347 3472 dono
361 3430 428 3474 dedit.
538 3433 557 3460 ¹¹
571 3431 680 3474 Patribus.

259 3493 278 3520 ¹²
293 3491 336 3535 Sex
347 3492 438 3534 habebat
448 3493 516 3546 tilios,
526 3495 607 3545 partim
618 3493 694 3545 (duos)
706 3502 781 3548 patres
792 3490 911 3534 Societatis
923 3493 984 3545 lesu,

226 3547 306 3598 partim
321 3553 342 3587 et
356 3548 421 3598 ipsos
435 3547 596 3600 typographos.

582 3625 623 3666 440
