2142 4194
405 476 523 520 Praelatio.

84 612 123 671 de
144 610 303 686 passione
326 609 458 670 Domini
488 619 519 669 et
542 609 636 669 beata
664 608 790 686 virgine
813 618 844 668 et

85 707 156 768 aliis
179 708 315 769 sanctis.

124 807 199 867 Vol.
223 805 302 866 llll:
326 805 486 865 Hortulus
508 820 666 864 rosarum.
686 804 844 864 —Vallis

87 905 240 964 liliorum.
257 936 294 944 -
312 901 504 968 Consolatio
518 917 709 976 pauperum.
724 934 753 942 -
772 899 844 976 Epi·

87 1002 233 1078 taphium
256 1001 502 1060 monachorum.
523 1032 557 1040 -
573 999 648 1060 Vita
661 998 738 1059 honi
755 1015 844 1058 mon-

73 1097 169 1159 achi.
200 1133 240 1141 —
270 1097 425 1158 Manuale
449 1098 669 1174 parvulorum.
695 1132 728 1140 -
762 1097 845 1156 Doc-
886 1131 891 1142 ·

88 1197 204 1257 trinale
227 1197 394 1256 iuvenum.
410 1230 448 1237 -
469 1194 640 1270 Hospitale
656 1211 845 1270 pauperum.

89 1330 125 1336 —
147 1294 297 1356 Cantica.
319 1327 358 1334 -
380 1293 431 1353 De
452 1292 629 1353 solitudine
652 1302 683 1352 et
704 1291 845 1352 silentio.

88 1427 125 1434 —
147 1392 326 1468 Epistulae.

125 1489 200 1549 Vol.
223 1489 269 1549 V:
300 1487 476 1549 Orationes
498 1496 530 1547 et
554 1487 784 1547 meditationes
798 1488 846 1562 =de

88 1587 153 1648 vita
179 1586 316 1648 Christi.
360 1585 603 1662 Epilegomenis
632 1583 845 1660 et⁸apparatu

90 1684 203 1744 critico
219 1684 396 1744 instructas
412 1683 450 1742 ad
466 1683 616 1743 codicum
631 1700 730 1743 manu
746 1683 846 1759 scrip-

88 1791 195 1842 torum
229 1781 475 1858 editionumque
509 1790 711 1841 vetustarum
748 1780 845 1840 lidem

89 1879 345 1956 recognoscebat
395 1878 653 1955 emendabatque
702 1878 845 1938 lllichael

90 1977 252 2053 Iosephus
284 1977 376 2037 Pohl.
428 1975 515 2037 Cum
546 1974 691 2036 Thomae
726 1975 845 2051 elligie.

89 2073 846 2152 FriburgiBrisigavorum.SumptibusHerder,

88 2171 331 2234 MDCCCCll.

128 2270 202 2331 Vol.
232 2269 276 2329 Vl
305 2269 359 2344 (ex
390 2269 589 2345 autographo
622 2268 845 2344 Lovaniensi):

89 2368 269 2429 Sermones
291 2368 330 2427 ad
352 2368 510 2428 novicios.
525 2401 564 2409 -
579 2367 654 2427 Vita
674 2366 846 2443 Lidewigis

88 2466 237 2543 virginis

18 2559 19 2564 ’
128 2564 203 2624 Vol.
220 2563 297 2623 Vll:
321 2563 478 2640 Dialogus
493 2561 697 2622 noviciorum
720 2562 754 2621 in
772 2579 847 2638 qua-

89 2671 164 2722 tuor
193 2671 303 2737 partes
332 2661 523 2721 distinctus:
553 2659 583 2735 a)
608 2660 764 2736 Dialogus
792 2677 849 2719 no·

89 2758 262 2818 viciorum.
289 2758 321 2834 b)
336 2758 411 2819 Vita
426 2758 566 2820 Gerardl
581 2757 702 2834 Magni.
729 2756 759 2831 c)
774 2756 849 2817 Vita

91 2855 259 2917 Florentii.
282 2856 314 2932 d)
324 2856 420 2917 Vitae
430 2856 666 2932 discipulorum
683 2855 847 2917 Florentii.

93 2990 125 2998 -
153 2953 322 3015 Chronica
343 2955 464 3015 montis
487 2953 518 3014 S.
541 2952 687 3031 Agnetis,

130 3049 848 3138 Vol.VllI:DeThomaeHemerkenaKem·

91 3149 160 3226 pis,
190 3149 338 3210 canonici
361 3149 520 3227 regularis
542 3149 666 3209 ordinis
690 3149 721 3210 S.
739 3147 849 3226 Augu-

92 3246 188 3318 stini,
212 3247 278 3307 vita
300 3258 332 3308 et
354 3248 485 3324 scriptis
507 3247 683 3323 disputavit
706 3247 848 3307 lllichael

93 3345 254 3421 Iosephus
277 3346 369 3405 Pohl.

133 3444 263 3504 Horum
285 3443 489 3504 voluminum
518 3443 663 3521 quinque
691 3442 796 3518 prima
817 3451 849 3502 et

94 3540 176 3602 sexti
213 3541 357 3617 priorem
393 3552 517 3619 partem
553 3540 725 3618 complecti
756 3540 849 3600 vides

456 3645 485 3688 rx
