2138 4196
99 458 385 512 mammosam
446 456 518 499 11119
578 455 859 509 scammate

99 594 229 653 trahas:
251 608 312 650 nec
333 607 398 649 non
413 590 452 650 ad
467 589 597 650 beatum
612 607 650 648 ac
664 589 858 650 laudabilem

101 689 202 750 finem
225 706 278 748 me
300 688 427 764 pigrum
451 698 482 748 et
503 687 651 748 inutilem
670 687 860 748 homuncio-

100 805 179 847 nem
201 787 372 862 perducas.

142 883 260 946 Ofiero
282 900 413 960 quoque
434 883 492 944 tibi
508 883 617 944 omnia
632 883 684 959 pia
698 883 860 944 desideria

100 982 314 1058 devotorum3
343 980 558 1041 necessitates
580 991 761 1058 parentum,
782 981 883 1041 ami-⁵

101 1096 218 1140 corum
231 1079 377 1154 fratrum,
387 1095 536 1138 sororum
548 1079 761 1155 omniumque
771 1096 860 1139 caro-

101 1195 177 1237 rum
193 1192 353 1252 meorum,
375 1186 535 1236 eteorum
553 1176 608 1253 qui
624 1176 704 1237 mihi
720 1177 772 1236 vel
788 1177 860 1236 aliis

101 1285 238 1352 propter
265 1291 409 1335 amorem
432 1284 523 1335 tuum
548 1274 800 1334 benefecerunt:
829 1284 861 1335 et

2 1433 4 1448 ‚
101 1373 159 1450 qui
183 1373 348 1433 orationes
377 1382 409 1433 et
430 1372 549 1432 missas
577 1390 635 1449 pro
662 1389 699 1432 se
724 1373 860 1450 suisque

100 1472 259 1532 omnibus
293 1470 357 1530 dici
393 1487 412 1530 a
442 1469 494 1530 me‘
525 1470 795 1532 desideraverunt
829 1480 897 1530 etro

101 1570 289 1647 petierunt3
320 1568 391 1628 sive
421 1567 454 1627 in
486 1585 583 1627 carne
614 1568 719 1629 adhuc
751 1568 862 1628 vivant

101 1667 177 1728 sive
198 1667 262 1726 iam
279 1666 410 1726 saeculo
425 1665 570 1726 defuncti
593 1665 674 1726 sint:
696 1676 731 1726 ut
746 1683 861 1726 omnes

102 1765 167 1826 sibi
199 1764 356 1824 auxilium
385 1762 507 1840 gratiae
537 1774 629 1840 tuae,
659 1781 753 1841 opem
786 1781 861 1824 con-

102 1862 287 1937 solationis,
305 1861 540 1937 protectionem
563 1861 761 1937 apericulis,
783 1861 861 1921 libe·

103 1960 265 2020 rationem
290 1976 308 2018 a
329 1959 445 2035 poenis
467 1959 621 2019 advenire
643 1959 801 2035 sentiant3
830 1969 897 2019 etrs

103 2068 138 2118 ut
161 2057 201 2116 ab
224 2056 377 2117 omnibus
398 2056 493 2117 malis
515 2056 635 2133 erepti:
662 2056 780 2133 gratias
804 2056 860 2116 tibi

104 2153 296 2230 magnificas
318 2153 393 2213 laeti
415 2154 612 2229 persolvant.

146 2251 263 2313 Offero
286 2251 382 2311 etiam
399 2251 456 2312 tibi
473 2268 589 2327 preces
604 2261 636 2311 et
651 2252 774 2312 hostias
796 2251 862 2326 pla-

104 2349 244 2410 cationis
260 2366 319 2424 pro
334 2349 400 2409 illis
415 2349 600 2425 specialiter
614 2350 669 2425 qui
690 2366 742 2410 me
758 2349 791 2408 in
807 2348 862 2408 ali·

104 2447 899 2524 quolaeseruntcontristaveruntautvitupera·ao

105 2553 235 2620 verunt,
250 2545 303 2604 vel
314 2544 446 2621 aliquod
456 2544 609 2605 damnum
625 2545 677 2604 vel
687 2562 862 2621 gravamen

106 2643 305 2718 intulerunt3
326 2660 384 2718 pro
400 2642 452 2702 bis
467 2659 598 2720 quoque
613 2642 765 2703 omnibus
780 2659 863 2718 quos

106 2740 280 2816 aliquando
303 2740 491 2800 contristavi
521 2739 711 2800 conturbavi
733 2740 863 2816 gravavi

107 2848 139 2899 et
160 2836 378 2897 scandalizavi
400 2837 510 2896 verbis
533 2837 626 2897 factis
648 2838 791 2898 scienter
812 2839 863 2898 vel

108 2936 311 3012 ignoranter:
332 2944 368 2995 ut
389 2934 484 2995 nobis
502 2934 654 2995 omnibus
676 2936 796 3012 pariter
817 2935 864 2995 in·
872 2949 900 2990 25

109 3035 242 3111 dulgeas
264 3043 396 3109 peccata
418 3042 529 3092 nostra
558 3042 589 3092 et
611 3042 740 3092 mutuas
762 3032 864 3093 offen·

110 3132 229 3192 siones.
259 3129 364 3191 Aufer
380 3129 521 3190 Domine
536 3147 554 3188 a
569 3129 722 3192 cordibus
743 3130 864 3190 nostris

111 3246 239 3290 omnem
262 3227 484 3303 suspicionem
507 3227 761 3303 indignationem
784 3229 863 3288 iram

113 3337 142 3387 et
156 3327 441 3404 disceptationem3
456 3335 488 3386 et
500 3326 658 3402 quidquid
668 3335 775 3403 potest
785 3326 864 3386 cari-

80 3465 81 3472 1
113 3433 205 3485 tatem
229 3424 376 3485 laedere:
405 3434 437 3484 et
459 3424 633 3484 fraternam
656 3423 901 3484 dilectionemso

115 3523 268 3584 minuere.
282 3522 455 3582 ¹Miserere
471 3521 629 3582 miserere
640 3521 791 3596 Domine,
806 3521 865 3580 mi-

470 3627 508 3668 ns
727 3625 756 3664 a·
