2178 4186
110 468 275 521 &merus
308 467 346 510 oe
363 467 549 510 sisvnrrous
565 467 677 510 neuris
709 468 870 520 limum

113 619 176 662 nec
192 610 260 662 tuta
274 601 339 663 vita
354 602 477 678 absque
497 611 538 663 te.
568 602 636 663 Fiat
650 619 727 679 ergo
743 601 868 662 miseri·

113 699 226 760 cordia
254 708 308 760 tua
330 697 470 760 Domine
497 717 597 776 super
618 716 687 776 me,
716 709 748 761 et
768 699 870 776 gratia

112 805 170 857 tua
191 797 224 857 in
240 798 392 858 omnibus
413 797 587 858 comitetur
601 813 740 872 mecum,
762 797 869 874 sitque

113 895 231 956 oculus
260 904 336 956 tuus
364 911 464 972 super
485 911 538 955 me
560 895 612 955 die
638 912 675 954 ac
696 904 809 970 nocte,
837 905 869 955 et

114 1009 232 1053 manus
253 1003 308 1053 tua
328 1001 474 1069 protegat
489 1009 542 1052 me
564 1009 696 1069 semper
713 992 891 1053 adextriss

113 1100 147 1150 et
162 1108 181 1149 a
195 1090 348 1166 sinistris,
368 1106 404 1150 ao
420 1097 509 1150 recto
525 1089 642 1150 itinere
657 1106 710 1149 me
725 1089 869 1166 digneris

113 1189 295 1266 perducere
317 1188 350 1248 in
366 1189 497 1249 domurn
521 1186 728 1248 habitationis
746 1186 868 1262 gloriae

113 1296 200 1358 tuae,
221 1285 275 1345 ubi
291 1295 322 1347 te
338 1302 466 1345 merear
481 1286 611 1346 laudare
627 1296 659 1346 et
673 1284 868 1345 benedicere

113 1384 188 1444 sine
211 1383 284 1444 line.
324 1382 441 1444 Arnen.
495 1401 496 1408 ¹

174 1601 339 1666 ORATIO
363 1603 420 1664 DE
443 1603 583 1665 FELICI
607 1603 811 1666 CONSVM·
881 1624 905 1665 ro

211 1700 412 1764 immons
435 1702 488 1762 ΙΝ·
503 1700 774 1764 VIRTVTIBVS.

112 1811 285 2030 Q&
312 1878 345 1931 te
368 1870 509 1931 Domine
539 1871 635 1930 Pater
662 1869 868 1929 sanctissime

256 1967 311 2044 qui
327 1967 437 2028 omnia
458 1968 491 2028 in
506 1984 643 2029 numero
666 1978 698 2028 et
714 1968 869 2044 pondere,

113 2075 147 2126 et
174 2082 328 2126 mensura
357 2065 480 2142 iecisti,
509 2065 564 2142 qui
594 2066 782 2127 famulatum
810 2066 868 2126 ribi

113 2163 259 2223 debiturn
289 2163 329 2222 ab
357 2163 445 2223 omni
474 2172 622 2223 creatura
649 2163 795 2224 rationali
818 2163 869 2223 vis
881 2175 905 2216 1⁵

113 2261 273 2337 exhiberi,
288 2270 320 2322 et
334 2261 509 2339 praecipue
524 2261 557 2321 in
572 2261 679 2321 servis
693 2261 758 2322 tuis
773 2277 869 2336 spon—

113 2368 247 2419 taneum
270 2358 439 2419 servitium
462 2358 570 2434 diligis
592 2367 623 2419 et
645 2357 800 2435 exquiris,
824 2357 869 2418 di·

114 2454 184 2532 rige
195 2464 287 2516 actus
298 2472 390 2516 meos
405 2466 603 2533 spontaneos
618 2455 651 2515 in
666 2454 869 2532 beneplacito

113 2562 183 2627 tuo,
198 2553 284 2614 etad
299 2553 472 2629 imperium
483 2564 635 2614 aeternae
646 2553 870 2629 dispositionis

114 2661 191 2711 tuae
213 2651 353 2711 rebelles
368 2660 476 2712 motus
493 2651 601 2712 carnis
616 2667 709 2711 meae
728 2649 906 2726 relleote‚2o

115 2747 331 2825 propriasque
351 2747 536 2808 voluntates
562 2765 602 2808 ex
631 2748 756 2824 integro
786 2748 870 2807 iran-

114 2861 193 2922 gere
216 2843 295 2903 mihi
325 2845 478 2906 concede.
521 2845 575 2906 Sic
601 2846 715 2906 ordina
736 2856 870 2906 cunctas

116 2942 309 3003 affectiones
324 2960 415 3003 meas
430 2953 464 3005 ut
479 2944 579 3003 malas
595 2944 702 3004 statim
719 2944 758 3003 ab
778 2943 870 3003 initio

6 3081 12 3106 ,ι
117 3056 288 3116 respuam,
316 3040 418 3100 bonas
445 3039 572 3101 fortiter
599 3049 744 3115 teneam,
772 3058 871 3116 puras

117 3137 248 3214 diligam
269 3145 368 3214 teque
384 3137 456 3197 sine
471 3155 627 3214 corporea
642 3137 907 3214 imaginationem

118 3234 330 3310 contemplari
358 3233 491 3294 discam.
534 3233 588 3294 Sic
617 3243 762 3311 tempera
783 3235 871 3295 vires

119 3349 209 3392 meas
225 3342 257 3392 et
272 3331 478 3408 operationes
493 3332 638 3392 exterius
653 3341 687 3393 ut
702 3349 767 3392 non
785 3342 872 3394 totus

119 3430 306 3490 inhaeream
338 3429 477 3505 infimis,
508 3429 566 3489 sed
597 3446 729 3506 semper
755 3439 872 3506 potens

119 3528 181 3588 sim
198 3544 251 3587 me
266 3536 458 3590 convertere
479 3527 628 3604 interius,
649 3537 682 3588 et
696 3527 769 3589 sine
782 3528 871 3605 gravi

476 3631 514 3674 nr
