2160 4194
114 461 872 518 &mmmmm

116 594 227 671 cibus,
250 599 286 657 'ut
307 596 368 656 sibi
391 595 489 658 citius
511 598 638 657 valeant
660 597 814 659 associari
837 597 870 658 in

117 693 313 753 caelestibus
334 692 478 770 gaudiis:
507 710 590 770 quos
612 706 731 756 norunt
753 695 786 756 in
809 696 870 756 Dei

116 790 251 851 servitio
281 791 400 852 cotidie
430 791 577 853 laborare
606 801 638 851 et
659 809 718 867 pro
739 802 872 854 aeterna

116 887 182 948 vita
197 887 308 949 multis
323 889 475 966 suspiriis
490 899 523 949 et
539 889 683 950 lacrimis
699 891 870 953 Christum

115 1003 261 1047 exorare.
299 988 360 1047 Dat
382 1004 531 1064 magnam
557 987 707 1047 fiduciam
738 988 894 1065 rogandis

115 1094 264 1144 sanctos:
295 1084 371 1161 quia
402 1094 433 1144 et
463 1084 527 1161 ipsi
558 1085 691 1145 fuerunt
720 1085 871 1146 homines

116 1183 270 1242 mortales
293 1191 325 1242 et
340 1192 530 1258 peccatores
545 1181 657 1242 multis
679 1182 872 1243 criminibus

115 1289 148 1340 et
169 1280 268 1340 variis
290 1279 498 1357 passionibus
521 1280 642 1340 dudum
673 1279 810 1341 involuti
840 1290 872 1340 et

114 1377 256 1454 gravati;
283 1377 341 1438 sed
364 1393 422 1452 per
443 1377 577 1455 gratiam
602 1377 662 1439 Dei
692 1378 817 1439 liberati
841 1388 872 1438 et

114 1474 291 1551 iustificati,
313 1474 471 1534 maximas
492 1492 580 1535 nunc
601 1475 721 1553 gratias
736 1476 871 1537 Christo
882 1493 907 1533 ro

91 1574 264 1634 -reierunt
285 1590 343 1650 pro
366 1573 518 1633 omnibus
538 1573 632 1633 malis
654 1591 737 1650 quae
759 1591 871 1634 evase·

115 1682 207 1733 runt:
230 1672 305 1732 laeti
328 1671 361 1731 in
383 1682 516 1732 aeterna
538 1671 753 1747 beatitudine,
773 1689 870 1748 quam

113 1770 217 1846 gratia
247 1769 357 1830 divina
392 1770 572 1845 opitulante
605 1770 774 1847 percipere
806 1787 871 1830 me·

115 1877 262 1928 ruerunt.

197 2098 243 2156 De
264 2096 420 2166 desiderio
441 2098 571 2158 animae
592 2098 635 2158 ad
656 2098 791 2158 caeleste
823 2137 827 2150 ·
882 2122 906 2161 15

425 2220 563 2280 regnum.

349 2387 554 2438 CAPITVLVM
572 2389 640 2438 XVI.

114 2512 344 2719 Quicum
388 2560 421 2611 et
462 2551 626 2627 singulare
671 2551 870 2612 desiderium

180 2648 182 2657 ⁹
254 2658 440 2708 sanctorum
463 2648 497 2708 in
519 2650 580 2709 hac
602 2648 667 2709 vita
689 2649 763 2724 luit,
789 2649 870 2709 nihil

116 2763 291 2806 commune
313 2745 433 2806 habere
456 2762 531 2806 cum
553 2747 615 2806 hoc
637 2747 785 2807 saeculo:
812 2747 907 2808 sedan

115 2862 176 2920 per
217 2853 438 2919 contemptum
484 2853 688 2905 terrenorum
736 2844 870 2905 tendere

116 2958 249 3017 semper
277 2941 316 3000 ad
346 2941 562 3017 praesentiam
587 2941 712 3003 Christi
742 2952 774 3002 et
795 2959 870 3001 con·

116 3038 254 3099 sortium
266 3039 465 3115 angelorum.
481 3039 575 3099 Vnde
586 3049 618 3100 et
625 3039 870 3099 beatusPaulus

116 3137 297 3196 vehemens
319 3145 442 3196 amator
464 3135 589 3196 Christi
612 3137 720 3197 omnia
741 3148 871 3198 terrena

117 3234 262 3310 perlecte
285 3232 502 3310 despiciebat:
527 3243 559 3293 et
580 3235 619 3294 ad
642 3234 796 3295 caelestia
817 3251 907 3297 err-25

116 3342 290 3405 aestuans,
320 3331 457 3392 dicebat.
509 3330 618 3407 Cupio
650 3331 803 3392 dissolvi:
839 3342 871 3392 et

117 3446 192 3489 esse
214 3447 289 3489 cum
305 3429 450 3490 Christo.
480 3429 555 3489 Non
578 3437 628 3489 est
643 3429 789 3489 omnium
807 3430 870 3489 tale

117 3526 333 3587 desiderium:
359 3529 417 3588 sed
440 3528 660 3605 perlectorum
683 3527 737 3604 qui
760 3527 870 3587 dicere

473 3631 513 3673 an
