2146 4194
73 469 358 522 &mmm
420 470 493 514 11135
555 471 836 527 mmm

122 663 250 740 QVOD
275 664 370 726 NON
395 662 471 725 EST
494 664 736 727 SECVRITAS
759 666 788 728 Α

135 761 452 840 TEMPTATIONE
476 763 520 823 IN
546 763 639 826 an
663 764 775 826 VITA.

297 943 503 994 CAPITVLVM
521 944 621 995 XXXV.

77 1045 239 1266 ffilli.
283 1099 470 1176 Numquam
496 1116 634 1160 securus
657 1117 693 1160 es
720 1100 753 1160 in
776 1102 835 1161 hac

210 1196 860 1275 vita:sedquoadvixerissemperarmas

2 1280 5 1301 '
76 1293 260 1368 spiritualia
295 1293 353 1354 tibi
389 1302 466 1353 sunt
501 1294 698 1355 necessaria.
750 1296 838 1356 Inter

76 1392 192 1452 hostes
213 1391 374 1451 versaris:
397 1401 428 1452 et
444 1409 461 1451 a
477 1391 599 1452 dextris
614 1402 646 1452 et
661 1409 679 1451 a
694 1392 837 1454 sinistris

75 1488 291 1565 impugnaris
323 1487 356 1548 Si
380 1505 457 1565 crgo
480 1506 545 1549 non
569 1489 671 1550 uteris
693 1491 837 1568 undique

75 1596 172 1646 scuto
184 1585 375 1662 patientiae:
386 1603 452 1646 non
465 1586 530 1646 eris
541 1587 596 1647 diu
607 1587 679 1648 sine
691 1589 837 1648 vulnere.

77 1684 221 1760 lnsuper
249 1683 276 1743 si
305 1700 371 1743 non
394 1684 489 1759 ponis
518 1701 575 1744 cor
602 1694 693 1745 tuum
719 1685 781 1745 lixe
803 1686 836 1745 in
849 1703 874 1745 to

75 1798 132 1841 me
154 1798 231 1841 cum
254 1797 344 1841 mera
364 1781 533 1842 voluntate
557 1793 673 1842 cuncta
695 1782 836 1858 patiendi

3 1889 4 1900 ¹
74 1888 213 1955 propter
235 1894 304 1938 me:
333 1895 398 1938 non
423 1879 545 1954 poteris
567 1879 716 1940 ardorem
738 1879 837 1942 istum

75 1976 327 2055 sustinere-nec
336 1975 374 2036 ad
384 1976 523 2052 palmam
535 1977 719 2054 pertingere
730 1977 837 2038 beato-

76 2091 162 2135 rum.
193 2073 332 2149 Oportet
350 2082 382 2135 te
398 2090 475 2151 ergo
491 2073 629 2134 viriliter
643 2076 752 2136 omnia
767 2093 839 2152 per·

75 2171 236 2232 transire:
266 2181 298 2232 et
326 2171 448 2246 potenti
478 2188 575 2231 manu
605 2172 650 2232 uti
679 2174 837 2233 adversus
850 2195 875 2236 ts

77 2270 216 2330 obiecta.
261 2268 343 2328 Nam
367 2268 510 2329 vincenti
533 2269 627 2329 datur
647 2288 781 2332 manna:
806 2282 838 2332 et

77 2365 221 2443 torpenti
244 2365 440 2442 relinquitur
461 2366 561 2426 multa
583 2367 724 2428 miseria.

119 2464 154 2525 Si
179 2463 312 2540 quaeris
342 2463 374 2522 in
397 2464 457 2523 hac
480 2464 545 2525 vita
568 2466 733 2543 requiem3
761 2485 840 2544 quo-

80 2560 839 2640 modotuncperveniesadaeternamrequiem?

81 2658 156 2718 Non
186 2674 289 2734 ponas
314 2666 345 2717 te
369 2657 409 2717 ad
430 2658 564 2718 multam
587 2661 752 2736 requiem:
780 2661 875 2726 sedan

80 2756 118 2814 ad
148 2772 299 2832 magnam
329 2755 528 2831 patientiam.
572 2757 703 2834 Quaere
728 2774 837 2818 veram

80 2869 195 2926 pacem
217 2869 284 2912 non
307 2852 340 2913 in
362 2854 459 2914 terris
484 2855 543 2915 sed
570 2855 604 2915 in
627 2856 744 2932 caelis3
772 2866 838 2916 non

81 2948 113 3008 in
143 2949 333 3009 hominibus
361 2967 422 3010 nec
454 2951 487 3010 in
516 2952 635 3013 ceteris
664 2953 838 3014 creaturis:

81 3046 139 3106 sed
161 3047 195 3106 in
218 3047 288 3108 Deo
310 3048 391 3108 solo.
434 3048 497 3108 Pro
519 3067 630 3110 amore
654 3051 714 3112 Dei
739 3052 839 3112 debes

81 3145 191 3204 omnia
213 3145 353 3205 libenter
374 3145 495 3222 subire,
517 3148 645 3208 labores
660 3148 786 3211 scilicet
808 3159 876 3214 etzs

81 3242 230 3319 dolores3
260 3243 499 3320 temptationes,
521 3245 710 3307 vexationes
732 3246 840 3308 anxie-

82 3349 165 3401 tates
179 3341 395 3402 necessitates
411 3341 616 3403 infirmitates
634 3344 770 3404 iniurias
785 3345 839 3404 ob-

81 3439 266 3499 locutiones
285 3440 562 3515 reprehensiones
581 3441 839 3503 humiliationes:

81 3535 297 3596 confusiones
317 3537 538 3600 correctiones
554 3550 585 3601 et
601 3540 839 3617 despectiones.

124 3639 213 3683 Thomna
223 3653 236 3682 a
247 3641 275 3684 lt.
286 3639 369 3694 Opem.
386 3641 415 3684 11.
439 3642 480 3684 209
706 3646 731 3685 14
