2138 4196
234 455 355 507 &m
426 453 464 496 DE
480 451 659 495 ΙΜΙΤΑΤΙΟΝΕ
674 451 799 494 CHRISTi
869 451 994 504 mg)

234 598 298 649 tate
313 586 502 664 perfrueris.
527 586 562 647 Si
573 595 698 646 rectum
708 603 765 644 cor
779 595 870 646 tuum
887 594 992 645 esset:
1062 633 1063 670 p

234 697 311 746 tunc
334 685 441 745 omnis
470 693 618 744 creatura
644 684 814 759 speculum
843 683 930 743 vitae
959 692 992 743 et

235 784 317 844 iiber
345 793 476 844 sanctae
505 781 671 842 doctrinae
699 791 797 841 esset.
840 781 915 841 Non
941 792 992 840 est
1062 789 1063 798 ’

234 891 382 942 creatura
409 891 474 942 tam
503 897 602 956 parva
632 889 664 940 et
691 879 783 939 vilis:
813 896 897 955 quae
926 879 991 938 Dei

211 980 410 1040 sbonitatem
432 996 498 1039 non
521 987 754 1054 repraesentet.
783 975 815 1037 Si
838 986 873 1036 tu
895 993 992 1036 esses

235 1078 322 1138 intus
344 1078 449 1137 bonus
476 1085 507 1136 et
529 1092 647 1151 purus:
676 1086 753 1135 tunc
780 1074 889 1134 omnia
917 1075 992 1135 sine

195 1209 196 1212 =
233 1175 466 1251 impedimento
502 1173 632 1234 videres
666 1183 697 1233 et
728 1172 812 1232 bene
843 1187 991 1249 caperes.

234 1273 304 1334 Cor
318 1290 446 1348 purum,
461 1280 610 1348 penetrat
624 1271 750 1330 caelum
766 1281 798 1330 et
813 1270 991 1332 infernum.

234 1371 351 1448 Qualis
386 1369 614 1446 unusquisque
649 1368 737 1428 intus
774 1379 842 1429 est:
883 1369 992 1428 taliter

200 1468 353 1528 roiudicat
389 1467 542 1528 exterius.
599 1466 632 1527 Si
673 1477 724 1526 est
762 1465 915 1543 gaudium
955 1466 991 1525 in

234 1566 372 1626 mundo:
397 1567 458 1624 hoc
481 1564 593 1641 utique
618 1563 764 1640 possidet
785 1563 857 1639 puri
880 1562 992 1622 cordis

233 1664 342 1723 homo.
394 1663 431 1723 Et
462 1662 490 1721 si
524 1672 574 1721 est
609 1661 727 1721 alicubi
758 1660 922 1722 tribulatio
958 1671 992 1722 et

233 1761 397 1838 angustia:
433 1761 495 1819 hoc
527 1758 645 1818 melius
676 1759 768 1819 novit
799 1759 883 1818 mala
913 1775 992 1819 con·
1064 1827 1065 1834 ἵ

234 1859 380 1919 scientia.
410 1858 501 1919 Sicut
523 1857 646 1916 terrum
664 1857 802 1917 missum
824 1858 857 1917 in
880 1857 991 1934 ignem

200 1974 224 2014 ιε
234 1957 350 2017 amittit
371 1956 570 2032 rubiginem,
599 1964 630 2015 et
652 1965 754 2016 totum
777 1955 921 2015 candens
944 1955 992 2014 ei·

235 2053 357 2129 ficitur3
388 2053 436 2114 sic
464 2054 562 2112 homo
594 2052 719 2129 integre
747 2053 786 2112 ad
816 2053 923 2113 Deum
953 2070 992 2113 se

234 2160 430 2211 convertens
441 2167 459 2209 a
469 2160 600 2227 torpore
615 2150 759 2210 exuitur:
776 2150 855 2210 etin
867 2167 991 2210 novum
1065 2169 1066 2174 ¹

234 2249 400 2309 hominem
431 2257 672 2308 transmutatur.
722 2248 861 2324 Quando
890 2250 992 2309 homo
1065 2301 1066 2330 p

235 2347 348 2424 incipit
378 2356 567 2423 tepescere,
600 2357 676 2406 tunc
708 2363 842 2422 parvum
875 2348 993 2407 metuit
1065 2333 1066 2340 ἵ

197 2459 225 2500 ao
235 2444 392 2504 laborem:
408 2453 440 2504 et
455 2443 595 2503 libenter
605 2453 771 2503 externam
787 2443 904 2519 accipit
914 2462 993 2505 con-

235 2542 437 2602 solationem.
472 2540 537 2601 Sed
559 2541 687 2617 quando
710 2541 855 2618 perfecte
876 2541 993 2618 incipit

235 2655 271 2698 se
301 2639 435 2698 vincere
466 2646 498 2697 et
526 2636 664 2697 viriliter
692 2637 725 2697 in
754 2639 807 2698 via
830 2640 891 2699 Dei
924 2659 992 2702 am-

234 2737 363 2811 bulare;
385 2746 462 2796 tunc
484 2736 593 2795 minus
608 2752 646 2794 ea
664 2746 806 2811 reputat:
828 2739 991 2814 quaesibi

235 2834 326 2909 prius
347 2833 457 2910 gravia
479 2850 554 2893 esse
576 2833 746 2894 sentiebat.

199 3037 226 3078 25
266 3028 322 3088 DE
346 3025 538 3089 PROPRIA
561 3026 965 3091 CONSIDERATIONE.

485 3183 690 3233 cnmrvuvn
708 3183 739 3232 V.

236 3261 399 3478 Ἠῶ]
415 3337 591 3395 possumus
607 3319 701 3380 nobis
716 3318 797 3394 ipsis
812 3318 911 3378 nimis
923 3337 993 3379 cre·

359 3417 452 3477 dere:
470 3417 546 3493 quia
560 3432 659 3492 saepe
673 3416 774 3492 gratia
789 3416 885 3477 nobis
900 3417 994 3477 deest

237 3523 269 3573 et
284 3529 413 3574 sensus.
450 3514 617 3574 Modicum
634 3515 743 3573 lumen
760 3513 857 3574 estin
880 3514 994 3574 nobis:

601 3618 629 3660 oo
