2160 4194
84 470 850 525 wmmmmamamanasarasa

87 606 206 666 utilem
222 614 255 665 te
269 621 402 665 servum
417 603 579 664 veraciter
593 604 768 680 reputabis.
790 603 849 666 Oi·

89 703 196 764 iendit
227 703 315 763 enim
346 703 459 763 oculos
490 701 620 762 divinae
651 701 848 763 maiestatis:

89 801 190 862 etiam
213 799 296 860 levis
318 799 414 861 elatio
437 799 554 860 cordis.
597 799 728 860 Vtinam
751 816 848 860 unam

88 899 209 959 saltem
220 897 307 958 diem
319 897 372 957 vel
387 897 527 957 mediam
545 897 613 957 iere
629 898 758 958 horam:
774 914 848 957 cum

90 996 166 1055 Deo
194 994 319 1072 integre
347 996 521 1071 expendas.
571 994 645 1056 Heu
675 995 773 1055 nimis
802 995 873 1055 in·5

89 1091 220 1153 stabilis
242 1110 278 1153 es
300 1103 333 1154 et
353 1093 571 1170 impurgatus:
600 1092 696 1153 etiam
719 1091 773 1151 ubi
796 1092 850 1151 de·

88 1189 202 1250 votior
222 1207 297 1250 esse
318 1191 467 1251 deberes.

135 1287 246 1363 Opere
262 1287 352 1348 linito
367 1298 422 1349 aut
436 1288 526 1349 horis
541 1287 718 1365 persolutis
731 1286 851 1364 gratias

90 1402 155 1462 age
177 1386 217 1445 de
238 1386 322 1446 bene
344 1385 501 1462 peractis:
523 1396 555 1447 et
577 1387 616 1446 de
636 1383 851 1462 neglegentiis

90 1483 290 1544 intercursis
304 1483 434 1544 veniam
450 1483 602 1545 flebiliter
615 1493 700 1560 pete.
732 1482 887 1560 Magnam

91 1580 218 1640 ablutio
234 1590 283 1641 est
297 1581 505 1643 delictorum:
519 1581 654 1642 humilis
665 1581 782 1642 veniae
798 1581 851 1640 de·

90 1679 240 1756 precatio
262 1696 370 1740 coram
393 1681 464 1740 Deo
486 1689 518 1740 et
539 1679 663 1757 angelis
685 1679 817 1739 sanctis.

135 1775 187 1836 nd
218 1776 363 1854 singulas
394 1779 491 1837 horas
522 1777 700 1854 angelicam
734 1777 851 1837 saluta-

89 1873 218 1934 tionem
241 1875 329 1952 lege:
352 1884 407 1934 aut
421 1874 507 1951 quod
523 1874 618 1935 facile
638 1884 670 1934 te
686 1874 852 1950 recolligat

91 1987 171 2030 cum
195 1971 264 2030 Deo
294 1981 326 2031 et
347 1972 443 2033 citius
465 1972 654 2033 inflammet.
697 1972 762 2049 Qui
786 1988 850 2031 non
863 1991 887 2032 ιε

91 2067 219 2145 colligit
248 2086 377 2129 mecum
409 2069 513 2147 inquit
545 2071 654 2130 lesus:
685 2069 851 2146 dispergit.

1 2186 3 2204 =
92 2166 135 2226 Et
158 2165 212 2242 qui
235 2182 300 2226 non
330 2176 380 2227 est
404 2185 532 2228 mecum
562 2167 650 2227 intus
678 2166 851 2227 collectus:

92 2272 209 2323 contra
230 2280 283 2323 me
305 2273 355 2325 est
376 2265 522 2340 vagando
544 2264 578 2324 in
599 2263 752 2325 externis.
789 2262 851 2322 Hic

92 2359 185 2420 enim
207 2360 340 2436 pronior
355 2370 405 2422 est
420 2361 459 2421 ad
474 2362 606 2436 malum,
628 2361 852 2437 infirmiorque

92 2458 135 2518 ad
159 2456 392 2518 resistendum:
416 2457 491 2534 quia
513 2459 626 2519 intima
641 2477 700 2519 sua
721 2457 889 2534 reliquitao

93 2565 128 2615 et
152 2555 269 2615 Deum.
306 2555 434 2615 Nomen
452 2556 526 2616 lesu
549 2566 581 2617 et
596 2556 720 2617 Mariae
738 2556 852 2616 crebro

93 2653 130 2713 in
143 2668 210 2728 ore,
221 2669 352 2729 semper
362 2653 395 2714 in
407 2655 521 2714 corde:
537 2671 594 2731 pro
606 2654 727 2714 solacio
738 2652 852 2730 primo.
875 2713 877 2716 .

97 2753 135 2813 ln
147 2751 302 2812 extremis
313 2751 620 2828 sentieszquantum
631 2751 752 2828 profuit
763 2767 853 2810 amor
889 2773 892 2778 ⁴

96 2851 174 2910 lesu
205 2849 364 2911 internus.
413 2849 605 2910 Sanctorum
636 2865 766 2926 quoque
797 2864 853 2908 no·

95 2947 203 3008 mina:
236 2965 310 3007 cum
342 2947 429 3007 omni
462 2946 646 3007 reverentia
675 2946 791 3006 invoca
822 2955 889 3006 etas

95 3048 233 3106 honora.
280 3045 365 3106 Mira
392 3044 584 3105 devotorum
614 3043 853 3119 experimenta:

98 3143 197 3203 iidem
209 3140 736 3219 praebentverbisostensis2Nec
748 3140 854 3216 pigeat

96 3241 210 3301 dicere
225 3240 332 3316 aliqua
346 3239 517 3316 suffragia:
532 3257 607 3299 cum
619 3238 738 3300 festum
750 3239 855 3315 agitur

96 3339 132 3398 in
156 3337 296 3398 ecclesia
318 3347 439 3399 sancta.
478 3337 585 3397 Homo
607 3336 710 3399 tristis
732 3346 764 3398 et
785 3354 854 3413 gra·

96 3445 210 3497 vatus:
226 3436 264 3495 ad
275 3435 398 3495 amicos
409 3434 534 3495 accedit
543 3434 605 3494 sibi
616 3435 719 3512 magis
730 3433 853 3494 fideles.
863 3456 890 3496 ao

97 3534 138 3594 Et
148 3543 182 3593 tu
194 3550 271 3609 ergo
283 3533 392 3593 adDei
401 3541 532 3593 sanctos
543 3531 711 3592 humiliter
720 3531 853 3591 accede:

457 3637 498 3679 ³35
