2178 4186
540 442 705 496 Epilegontena.

244 575 369 649 dequo
391 575 635 635 instrumentum
654 577 727 636 vide
739 577 798 636 sub
814 577 885 651 fine
899 577 1001 651 operis

245 656 277 715 P.
292 655 332 714 de
346 655 459 730 Boissy
479 656 558 717 dicii
572 656 629 726 ,La
645 655 866 716 Conleslaiiou
885 656 1002 717 reudue
1075 669 1076 686 ¹

246 736 435 811 mauisesie‘,
464 741 497 795 ei
519 741 645 811 postera
673 737 713 795 ab
739 737 944 797 Heusclaeuio
972 744 1003 797 ei

245 816 459 890 Papebrochio
474 817 517 876 ud
531 816 707 891 Religiosos
721 815 1002 878 Sancti-Germani

245 895 384 955 uPratis
405 913 493 956 anuo
511 899 605 968 1670,
628 914 667 957 uc
680 897 886 957 Erudilorum
901 899 1000 958 Paris.

244 993 320 1036 ann.
339 977 419 1035 1671
439 977 472 1035 iu
488 977 624 1037 concilio
635 978 768 1053 prolati,
785 976 913 1038 Codicis
925 976 1001 1037 Aul-

243 1072 326 1131 verp.
348 1057 469 1126 ,uadue
490 1057 663 1117 Lectiones‘
684 1058 742 1117 sub
764 1059 906 1117 numeris
927 1063 959 1130 3,
982 1065 999 1118 4
1075 1101 1076 1108 1

244 1141 276 1196 ei
298 1135 385 1207 obis,
409 1136 515 1197 Chuni.
531 1137 609 1197 88A
634 1137 668 1196 in
683 1137 884 1198 Bibliotheca
901 1139 1000 1214 Regia
1075 1171 1076 1262 q

244 1216 403 1276 habentur
412 1221 428 1276 ¹.
450 1218 535 1276 Nam
548 1216 674 1278 Codicis
684 1218 789 1293 hujus,
803 1235 898 1292 quem
908 1225 1003 1279 uocat

244 1297 448 1373 archetypou,
463 1302 582 1357 textum
592 1314 780 1373 quanquam
792 1301 906 1375 referre
921 1316 1001 1359 nuu-

244 1377 331 1436 tious
344 1376 547 1454 Rosweydus,
569 1378 672 1438 alium
686 1384 805 1449 tamen,
823 1379 1000 1440 Lovunien·

242 1474 307 1516 sem
323 1474 435 1532 nempe
446 1457 604 1529 codicem,
619 1464 687 1531 eia,
704 1464 739 1518 ui
750 1459 816 1518 ium
830 1459 1000 1532 diximus&

242 1536 413 1598 Sommulii
434 1539 552 1610 instar,
581 1539 616 1599 in
643 1539 819 1600 subsidium
846 1541 999 1614 sequitur.

283 1616 391 1694 Atque
422 1628 457 1678 ut
487 1619 586 1678 huius
615 1619 871 1680 adumbrationis
900 1619 998 1680 finem

244 1697 418 1781 faciamus,
447 1699 630 1760 addendum
655 1710 706 1760 est
728 1699 901 1760 Societatis
925 1701 998 1762 Iesu
1075 1709 1076 1718 ’

242 1795 327 1838 anno
353 1781 428 1838 1773
450 1797 647 1856 suppressae
668 1780 900 1840 bibliothecam
920 1781 1000 1841 Ant·

242 1859 449 1936 verpiensem
460 1859 601 1937 primum
613 1878 697 1920 anno
709 1861 827 1920 1778in
838 1861 998 1922 abbatiam
1075 1885 1076 1890 ¹

242 1939 473 2000 canonicorum
511 1941 708 2016 regularium
745 1941 998 2002 Bruxellensem

241 2020 999 2100 translatamesse‚posteainabbatiamTonger·

241 2101 422 2176 lonensem,
444 2102 531 2161 unde
553 2119 638 2161 anno
662 2105 738 2162 1826
753 2103 928 2164 Bruxelias
951 2121 999 2164 re·

241 2198 337 2240 versa
351 2182 385 2241 in
399 2181 596 2242 bibliotheca
611 2183 698 2259 regia
713 2183 825 2243 sedern
841 2201 879 2243 ac
895 2184 998 2245 domi·

241 2261 351 2321 cilium
375 2262 585 2322 conlocavit⁸.

449 2446 489 2506 11.
511 2444 786 2508 DESCRIPTIO.

280 2577 447 2654 Quantum
477 2578 535 2653 iis,
564 2579 618 2655 qui
648 2589 722 2640 ante
751 2596 803 2639 me
833 2581 938 2642 codici
967 2583 993 2643 Ᾱ

239 2674 370 2733 operam
393 2676 485 2718 suam
508 2660 717 2736 studiumque
739 2671 916 2732 navarunt,
941 2663 995 2723 de-

238 2739 349 2814 beam,
377 2739 438 2798 etsi
461 2756 569 2816 neque
591 2739 704 2816 ignoro
728 2757 836 2816 neque
860 2743 995 2820 reticeo,

237 2828 363 2893 tamen,
392 2819 544 2895 quoniam
567 2822 619 2879 vel
642 2821 746 2880 obiter
769 2820 994 2900 inspexerunt,

237 2899 289 2958 vel
305 2916 371 2958 non
387 2899 495 2959 omnia
510 2909 620 2960 notatu
636 2900 741 2977 digna,
763 2901 794 2961 id
810 2902 898 2978 quod
914 2921 994 2965 sane

237 2996 336 3056 supra
364 2979 507 3039 hominis
531 2981 600 3040 lere
624 2981 712 3041 vires
734 2991 801 3058 est,
829 2982 993 3061 viderunt,

237 3060 289 3119 vel
301 3077 414 3136 parum
426 3069 576 3120 accurate
586 3062 725 3137 pleneve
736 3062 993 3141 descripserunt,

237 3141 395 3216 quaedam
418 3141 514 3202 etiam
532 3141 613 3201 falso
635 3142 793 3219 legerunt,
815 3152 937 3222 tamen,
959 3157 994 3207 ut

236 3237 311 3280 cum
334 3237 439 3280 novae
464 3222 585 3281 horum
614 3231 807 3283 tractatuum
837 3224 993 3287 editionis

277 3378 285 3405 ¹
301 3376 350 3421 Cfr.
366 3379 460 3420 Hirsclze
475 3379 506 3420 lll
522 3379 637 3424 218-239.
767 3383 776 3410 ²
792 3381 865 3424 Genea
880 3395 904 3436 p.
920 3394 946 3426 tv
957 3399 991 3440 sq.

276 3433 284 3460 ¹
300 3430 350 3474 Cir.
359 3431 481 3485 Catalogue
489 3434 529 3475 des
541 3437 675 3477 manuscrits
687 3436 713 3478 de
723 3435 744 3478 la
753 3436 906 3490 bibliotheque
917 3439 992 3493 royale

235 3485 275 3526 des
288 3484 343 3526 dues
354 3486 381 3526 de
392 3485 532 3540 Bourgogne‚
549 3487 666 3532 Bruxelles
677 3499 697 3532 et
708 3489 804 3543 Leipzig,
820 3488 848 3534 C.
860 3490 992 3546 Muquardt,
1075 3535 1076 3538 ,

237 3538 297 3589 1842,
312 3537 376 3580 Tom.
393 3539 401 3579 1
417 3549 477 3582 cxc.
1075 3539 1076 3558 ¹

592 3619 633 3660 442
