<?xml version="1.0" encoding="UTF-8"?>
<!DOCTYPE html PUBLIC "-//W3C//DTD XHTML 1.0 Transitional//EN"
    "http://www.w3.org/TR/xhtml1/DTD/xhtml1-transitional.dtd">
<html xmlns="http://www.w3.org/1999/xhtml" xml:lang="en" lang="en">
 <head>
  <title>
</title>
<meta http-equiv="Content-Type" content="text/html;charset=utf-8" />
  <meta name='ocr-system' content='tesseract 3.04.00' />
  <meta name='ocr-capabilities' content='ocr_page ocr_carea ocr_par ocr_line ocrx_word'/>
</head>
<body>
  <div class='ocr_page' id='page_1' title='image "./thomaehemerkena03pohlgoog_0041.png"; bbox 0 0 2142 4194; ppageno 0'>
   <div class='ocr_carea' id='block_1_1' title="bbox 228 466 987 521">
    <p class='ocr_par' dir='ltr' id='par_1_1' title="bbox 228 466 987 521">
     <span class='ocr_line' id='line_1_1' title="bbox 228 466 987 521; baseline 0.011 -16"><span class='ocrx_word' id='word_1_1' title='bbox 228 467 349 519; x_wconf 50' lang='lat' dir='ltr'><strong>&amp;Q</strong></span> <span class='ocrx_word' id='word_1_2' title='bbox 419 466 458 508; x_wconf 84' lang='lat' dir='ltr'><strong>DE</strong></span> <span class='ocrx_word' id='word_1_3' title='bbox 474 466 653 510; x_wconf 84' lang='grc' dir='ltr'><strong>ΙΜΠΑΤΙΟΝΕ</strong></span> <span class='ocrx_word' id='word_1_4' title='bbox 669 466 793 510; x_wconf 76' lang='lat' dir='ltr'>CHRISTI</span> <span class='ocrx_word' id='word_1_5' title='bbox 865 469 987 521; x_wconf 47' lang='grc' dir='ltr'><strong>ΜΘ</strong></span> 
     </span>
    </p>
   </div>
   <div class='ocr_carea' id='block_1_2' title="bbox 231 599 1049 679">
    <p class='ocr_par' dir='ltr' id='par_1_2' title="bbox 231 599 1049 679">
     <span class='ocr_line' id='line_1_2' title="bbox 231 599 1049 679; baseline 0.002 -20"><span class='ocrx_word' id='word_1_6' title='bbox 231 599 432 660; x_wconf 85' lang='lat' dir='ltr'><strong>iamiliaritas</strong></span> <span class='ocrx_word' id='word_1_7' title='bbox 455 615 520 659; x_wconf 92' lang='lat' dir='ltr'><strong>non</strong></span> <span class='ocrx_word' id='word_1_8' title='bbox 537 600 676 676; x_wconf 88' lang='lat' dir='ltr'><strong>expedit.</strong></span> <span class='ocrx_word' id='word_1_9' title='bbox 707 600 913 679; x_wconf 85' lang='lat' dir='ltr'><strong>Quandoque</strong></span> <span class='ocrx_word' id='word_1_10' title='bbox 935 619 987 662; x_wconf 91' lang='lat' dir='ltr'><strong>ac·</strong></span> <span class='ocrx_word' id='word_1_11' title='bbox 1048 626 1049 670; x_wconf 71' lang='lat' dir='ltr'><strong>t</strong></span> 
     </span>
    </p>
   </div>
   <div class='ocr_carea' id='block_1_3' title="bbox 207 698 1050 1262">
    <p class='ocr_par' dir='ltr' id='par_1_3' title="bbox 207 698 1050 1262">
     <span class='ocr_line' id='line_1_3' title="bbox 230 698 987 773; baseline 0.003 -15"><span class='ocrx_word' id='word_1_12' title='bbox 230 698 324 773; x_wconf 88' lang='lat' dir='ltr'>cidit,</span> <span class='ocrx_word' id='word_1_13' title='bbox 352 707 388 758; x_wconf 91' lang='lat' dir='ltr'><strong>ut</strong></span> <span class='ocrx_word' id='word_1_14' title='bbox 415 714 557 773; x_wconf 89' lang='lat' dir='ltr'><strong>persona</strong></span> <span class='ocrx_word' id='word_1_15' title='bbox 585 698 694 773; x_wconf 86' lang='lat' dir='ltr'><strong>ignota</strong></span> <span class='ocrx_word' id='word_1_16' title='bbox 721 715 761 758; x_wconf 86' lang='lat' dir='ltr'><strong>ex</strong></span> <span class='ocrx_word' id='word_1_17' title='bbox 790 700 874 760; x_wconf 90' lang='lat' dir='ltr'><strong>bona</strong></span> <span class='ocrx_word' id='word_1_18' title='bbox 901 700 987 760; x_wconf 85' lang='lat' dir='ltr'><strong>fama</strong></span> 
     </span>
     <span class='ocr_line' id='line_1_4' title="bbox 230 795 987 872; baseline 0.003 -16"><span class='ocrx_word' id='word_1_19' title='bbox 230 797 390 856; x_wconf 85' lang='lat' dir='ltr'><strong>lucescat:</strong></span> <span class='ocrx_word' id='word_1_20' title='bbox 419 795 514 856; x_wconf 88' lang='lat' dir='ltr'><strong>cuius</strong></span> <span class='ocrx_word' id='word_1_21' title='bbox 535 804 643 855; x_wconf 86' lang='lat' dir='ltr'><strong>tamen</strong></span> <span class='ocrx_word' id='word_1_22' title='bbox 665 797 850 872; x_wconf 87' lang='lat' dir='ltr'><strong>praesentia</strong></span> <span class='ocrx_word' id='word_1_23' title='bbox 872 799 987 858; x_wconf 91' lang='lat' dir='ltr'><strong>oculos</strong></span> 
     </span>
     <span class='ocr_line' id='line_1_5' title="bbox 230 892 985 972; baseline 0.003 -19"><span class='ocrx_word' id='word_1_24' title='bbox 230 893 426 954; x_wconf 88' lang='lat' dir='ltr'><strong>intuentium</strong></span> <span class='ocrx_word' id='word_1_25' title='bbox 449 892 598 954; x_wconf 81' lang='lat' dir='ltr'><strong>offuscat.</strong></span> <span class='ocrx_word' id='word_1_26' title='bbox 634 894 790 955; x_wconf 85' lang='lat' dir='ltr'><strong>Putamus</strong></span> <span class='ocrx_word' id='word_1_27' title='bbox 811 895 985 972; x_wconf 87' lang='lat' dir='ltr'><strong>aliquando</strong></span> 
     </span>
     <span class='ocr_line' id='line_1_6' title="bbox 207 991 1050 1067; baseline 0.004 -17"><span class='ocrx_word' id='word_1_28' title='bbox 207 991 302 1051; x_wconf 83' lang='lat' dir='ltr'><strong>saliis</strong></span> <span class='ocrx_word' id='word_1_29' title='bbox 331 992 460 1067; x_wconf 85' lang='lat' dir='ltr'><strong>placere</strong></span> <span class='ocrx_word' id='word_1_30' title='bbox 482 1009 522 1052; x_wconf 89' lang='lat' dir='ltr'><strong>ex</strong></span> <span class='ocrx_word' id='word_1_31' title='bbox 545 991 775 1052; x_wconf 92' lang='lat' dir='ltr'><strong>coniunctione</strong></span> <span class='ocrx_word' id='word_1_32' title='bbox 797 1002 924 1053; x_wconf 86' lang='lat' dir='ltr'><strong>nostra:</strong></span> <span class='ocrx_word' id='word_1_33' title='bbox 953 1003 987 1054; x_wconf 87' lang='lat' dir='ltr'><strong>et</strong></span> <span class='ocrx_word' id='word_1_34' title='bbox 1049 1001 1050 1016; x_wconf 65' lang='lat'>¹</span> 
     </span>
     <span class='ocr_line' id='line_1_7' title="bbox 230 1089 985 1166; baseline 0.003 -18"><span class='ocrx_word' id='word_1_35' title='bbox 230 1089 406 1166; x_wconf 89' lang='lat' dir='ltr'><strong>incipimus</strong></span> <span class='ocrx_word' id='word_1_36' title='bbox 437 1089 540 1166; x_wconf 87' lang='lat' dir='ltr'><strong>magis</strong></span> <span class='ocrx_word' id='word_1_37' title='bbox 571 1089 745 1166; x_wconf 87' lang='lat' dir='ltr'><strong>displicere</strong></span> <span class='ocrx_word' id='word_1_38' title='bbox 781 1107 821 1150; x_wconf 88' lang='lat' dir='ltr'><strong>ex</strong></span> <span class='ocrx_word' id='word_1_39' title='bbox 857 1107 985 1158; x_wconf 89' lang='lat' dir='ltr'><strong>morum</strong></span> 
     </span>
     <span class='ocr_line' id='line_1_8' title="bbox 229 1185 846 1262; baseline 0.002 -17"><span class='ocrx_word' id='word_1_40' title='bbox 229 1186 435 1262; x_wconf 83' lang='lat' dir='ltr'><strong>improbitate</strong></span> <span class='ocrx_word' id='word_1_41' title='bbox 458 1185 491 1245; x_wconf 91' lang='lat' dir='ltr'><strong>in</strong></span> <span class='ocrx_word' id='word_1_42' title='bbox 514 1187 610 1246; x_wconf 90' lang='lat' dir='ltr'><strong>nobis</strong></span> <span class='ocrx_word' id='word_1_43' title='bbox 632 1187 846 1247; x_wconf 88' lang='lat' dir='ltr'><strong>considerata.</strong></span> 
     </span>
    </p>
   </div>
   <div class='ocr_carea' id='block_1_4' title="bbox 230 1380 985 1587">
    <p class='ocr_par' dir='ltr' id='par_1_4' title="bbox 230 1380 985 1587">
     <span class='ocr_line' id='line_1_9' title="bbox 230 1380 985 1444; baseline 0.004 -3"><span class='ocrx_word' id='word_1_44' title='bbox 230 1382 287 1441; x_wconf 84' lang='lat' dir='ltr'><strong>DE</strong></span> <span class='ocrx_word' id='word_1_45' title='bbox 298 1380 601 1443; x_wconf 79' lang='lat' dir='ltr'>OBOEDIENTIA</span> <span class='ocrx_word' id='word_1_46' title='bbox 616 1381 667 1442; x_wconf 86' lang='lat' dir='ltr'><strong>ET</strong></span> <span class='ocrx_word' id='word_1_47' title='bbox 677 1381 985 1444; x_wconf 84' lang='lat' dir='ltr'>SVBIECTIONE.</span> 
     </span>
     <span class='ocr_line' id='line_1_10' title="bbox 476 1535 741 1587; baseline 0.004 -1"><span class='ocrx_word' id='word_1_48' title='bbox 476 1535 681 1586; x_wconf 78' lang='lat' dir='ltr'><strong>cnrrrvuvn</strong></span> <span class='ocrx_word' id='word_1_49' title='bbox 700 1537 741 1587; x_wconf 89' lang='lat' dir='ltr'><strong>rx.</strong></span> 
     </span>
    </p>
   </div>
   <div class='ocr_carea' id='block_1_5' title="bbox 195 1611 986 1846">
    <p class='ocr_par' dir='ltr' id='par_1_5' title="bbox 195 1611 986 1846">
     <span class='ocr_line' id='line_1_11' title="bbox 195 1611 986 1843; baseline 0.011 -117"><span class='ocrx_word' id='word_1_50' title='bbox 195 1611 429 1843; x_wconf 43' lang='lat' dir='ltr'><strong>roffitllde</strong></span> <span class='ocrx_word' id='word_1_51' title='bbox 458 1690 611 1748; x_wconf 87' lang='lat' dir='ltr'><strong>magnum</strong></span> <span class='ocrx_word' id='word_1_52' title='bbox 640 1682 691 1734; x_wconf 89' lang='lat' dir='ltr'><strong>est</strong></span> <span class='ocrx_word' id='word_1_53' title='bbox 719 1673 752 1733; x_wconf 92' lang='lat' dir='ltr'><strong>in</strong></span> <span class='ocrx_word' id='word_1_54' title='bbox 779 1673 986 1735; x_wconf 84' lang='lat' dir='ltr'><strong>oboedientia</strong></span> 
     </span>
     <span class='ocr_line' id='line_1_12' title="bbox 366 1771 985 1846; baseline 0.003 -16"><span class='ocrx_word' id='word_1_55' title='bbox 366 1780 469 1846; x_wconf 86' lang='lat' dir='ltr'><strong>stare;</strong></span> <span class='ocrx_word' id='word_1_56' title='bbox 490 1771 552 1830; x_wconf 91' lang='lat' dir='ltr'><strong>sub</strong></span> <span class='ocrx_word' id='word_1_57' title='bbox 574 1771 716 1846; x_wconf 86' lang='lat' dir='ltr'><strong>praelato</strong></span> <span class='ocrx_word' id='word_1_58' title='bbox 732 1771 860 1832; x_wconf 91' lang='lat' dir='ltr'><strong>vivere:</strong></span> <span class='ocrx_word' id='word_1_59' title='bbox 883 1782 915 1832; x_wconf 90' lang='lat' dir='ltr'><strong>et</strong></span> <span class='ocrx_word' id='word_1_60' title='bbox 933 1772 985 1832; x_wconf 89' lang='lat' dir='ltr'><strong>sui</strong></span> 
     </span>
    </p>
   </div>
   <div class='ocr_carea' id='block_1_6' title="bbox 229 1867 1052 1930">
    <p class='ocr_par' dir='ltr' id='par_1_6' title="bbox 229 1867 1052 1930">
     <span class='ocr_line' id='line_1_13' title="bbox 229 1867 1052 1930; baseline 0 -2"><span class='ocrx_word' id='word_1_61' title='bbox 229 1868 310 1929; x_wconf 92' lang='lat' dir='ltr'><strong>iuris</strong></span> <span class='ocrx_word' id='word_1_62' title='bbox 338 1885 404 1929; x_wconf 93' lang='lat' dir='ltr'><strong>non</strong></span> <span class='ocrx_word' id='word_1_63' title='bbox 434 1884 518 1928; x_wconf 90' lang='lat' dir='ltr'><strong>esse.</strong></span> <span class='ocrx_word' id='word_1_64' title='bbox 562 1867 667 1928; x_wconf 85' lang='lat' dir='ltr'><strong>Multo</strong></span> <span class='ocrx_word' id='word_1_65' title='bbox 696 1869 798 1929; x_wconf 88' lang='lat' dir='ltr'><strong>tutius</strong></span> <span class='ocrx_word' id='word_1_66' title='bbox 827 1879 877 1930; x_wconf 92' lang='lat' dir='ltr'><strong>est</strong></span> <span class='ocrx_word' id='word_1_67' title='bbox 898 1879 985 1929; x_wconf 89' lang='lat' dir='ltr'><strong>stare</strong></span> <span class='ocrx_word' id='word_1_68' title='bbox 1051 1893 1052 1904; x_wconf 49' lang='lat'>¹</span> 
     </span>
    </p>
   </div>
   <div class='ocr_carea' id='block_1_7' title="bbox 192 1965 1053 3505">
    <p class='ocr_par' dir='ltr' id='par_1_7' title="bbox 192 1965 1053 3505">
     <span class='ocr_line' id='line_1_14' title="bbox 229 1965 985 2043; baseline 0.001 -18"><span class='ocrx_word' id='word_1_69' title='bbox 229 1966 262 2025; x_wconf 96' lang='lat' dir='ltr'><strong>in</strong></span> <span class='ocrx_word' id='word_1_70' title='bbox 278 1965 498 2026; x_wconf 90' lang='lat' dir='ltr'><strong>subiectione:</strong></span> <span class='ocrx_word' id='word_1_71' title='bbox 514 1983 610 2042; x_wconf 86' lang='lat' dir='ltr'><strong>quam</strong></span> <span class='ocrx_word' id='word_1_72' title='bbox 626 1966 660 2026; x_wconf 92' lang='lat' dir='ltr'><strong>in</strong></span> <span class='ocrx_word' id='word_1_73' title='bbox 671 1967 862 2043; x_wconf 85' lang='lat' dir='ltr'><strong>praelatura.</strong></span> <span class='ocrx_word' id='word_1_74' title='bbox 887 1967 985 2027; x_wconf 83' lang='lat' dir='ltr'><strong>Multi</strong></span> 
     </span>
     <span class='ocr_line' id='line_1_15' title="bbox 229 2062 986 2141; baseline 0.001 -18"><span class='ocrx_word' id='word_1_75' title='bbox 229 2073 305 2124; x_wconf 87' lang='lat' dir='ltr'><strong>sunt</strong></span> <span class='ocrx_word' id='word_1_76' title='bbox 327 2064 388 2123; x_wconf 90' lang='lat' dir='ltr'><strong>sub</strong></span> <span class='ocrx_word' id='word_1_77' title='bbox 417 2062 623 2124; x_wconf 90' lang='lat' dir='ltr'><strong>oboedientia</strong></span> <span class='ocrx_word' id='word_1_78' title='bbox 645 2065 748 2141; x_wconf 87' lang='lat' dir='ltr'><strong>magis</strong></span> <span class='ocrx_word' id='word_1_79' title='bbox 776 2081 816 2124; x_wconf 85' lang='lat' dir='ltr'><strong>ex</strong></span> <span class='ocrx_word' id='word_1_80' title='bbox 840 2064 986 2125; x_wconf 89' lang='lat' dir='ltr'><strong>necessi-</strong></span> 
     </span>
     <span class='ocr_line' id='line_1_16' title="bbox 195 2147 1053 2238; baseline 0.007 -22"><span class='ocrx_word' id='word_1_81' title='bbox 195 2171 293 2222; x_wconf 76' lang='lat' dir='ltr'><strong>tstate</strong></span> <span class='ocrx_word' id='word_1_82' title='bbox 324 2178 420 2238; x_wconf 86' lang='lat' dir='ltr'><strong>quam</strong></span> <span class='ocrx_word' id='word_1_83' title='bbox 452 2177 493 2220; x_wconf 89' lang='lat' dir='ltr'><strong>ex</strong></span> <span class='ocrx_word' id='word_1_84' title='bbox 523 2159 673 2238; x_wconf 87' lang='lat' dir='ltr'><strong>caritate;</strong></span> <span class='ocrx_word' id='word_1_85' title='bbox 704 2172 736 2222; x_wconf 90' lang='lat' dir='ltr'><strong>et</strong></span> <span class='ocrx_word' id='word_1_86' title='bbox 767 2161 813 2222; x_wconf 94' lang='lat' dir='ltr'><strong>illi</strong></span> <span class='ocrx_word' id='word_1_87' title='bbox 845 2177 984 2237; x_wconf 91' lang='lat' dir='ltr'><strong>poenam</strong></span> <span class='ocrx_word' id='word_1_88' title='bbox 1052 2147 1053 2156; x_wconf 37' lang='lat'>¹</span> 
     </span>
     <span class='ocr_line' id='line_1_17' title="bbox 229 2257 986 2320; baseline 0 -1"><span class='ocrx_word' id='word_1_89' title='bbox 229 2260 364 2319; x_wconf 88' lang='lat' dir='ltr'><strong>habent:</strong></span> <span class='ocrx_word' id='word_1_90' title='bbox 382 2269 414 2320; x_wconf 93' lang='lat' dir='ltr'><strong>et</strong></span> <span class='ocrx_word' id='word_1_91' title='bbox 429 2257 546 2318; x_wconf 88' lang='lat' dir='ltr'><strong>leviter</strong></span> <span class='ocrx_word' id='word_1_92' title='bbox 560 2268 774 2319; x_wconf 86' lang='lat' dir='ltr'><strong>murmurant.</strong></span> <span class='ocrx_word' id='word_1_93' title='bbox 804 2257 873 2318; x_wconf 93' lang='lat' dir='ltr'><strong>Nec</strong></span> <span class='ocrx_word' id='word_1_94' title='bbox 889 2258 986 2319; x_wconf 92' lang='lat' dir='ltr'><strong>liber·</strong></span> 
     </span>
     <span class='ocr_line' id='line_1_18' title="bbox 228 2354 985 2430; baseline -0.001 -13"><span class='ocrx_word' id='word_1_95' title='bbox 228 2366 326 2417; x_wconf 88' lang='lat' dir='ltr'><strong>tatem</strong></span> <span class='ocrx_word' id='word_1_96' title='bbox 338 2355 458 2417; x_wconf 86' lang='lat' dir='ltr'><strong>mentis</strong></span> <span class='ocrx_word' id='word_1_97' title='bbox 473 2354 657 2430; x_wconf 89' lang='lat' dir='ltr'><strong>acquirent:</strong></span> <span class='ocrx_word' id='word_1_98' title='bbox 673 2355 736 2415; x_wconf 92' lang='lat' dir='ltr'><strong>nisi</strong></span> <span class='ocrx_word' id='word_1_99' title='bbox 753 2373 793 2416; x_wconf 88' lang='lat' dir='ltr'><strong>ex</strong></span> <span class='ocrx_word' id='word_1_100' title='bbox 808 2357 985 2416; x_wconf 88' lang='lat' dir='ltr'><strong>totocorde</strong></span> 
     </span>
     <span class='ocr_line' id='line_1_19' title="bbox 229 2452 985 2530; baseline -0.001 -16"><span class='ocrx_word' id='word_1_101' title='bbox 229 2463 361 2530; x_wconf 88' lang='lat' dir='ltr'><strong>propter</strong></span> <span class='ocrx_word' id='word_1_102' title='bbox 391 2454 498 2513; x_wconf 89' lang='lat' dir='ltr'><strong>Deum</strong></span> <span class='ocrx_word' id='word_1_103' title='bbox 528 2469 564 2512; x_wconf 93' lang='lat' dir='ltr'><strong>se</strong></span> <span class='ocrx_word' id='word_1_104' title='bbox 587 2453 758 2514; x_wconf 83' lang='lat' dir='ltr'><strong>subiciant.</strong></span> <span class='ocrx_word' id='word_1_105' title='bbox 801 2452 908 2514; x_wconf 89' lang='lat' dir='ltr'><strong>Curre</strong></span> <span class='ocrx_word' id='word_1_106' title='bbox 931 2453 985 2513; x_wconf 93' lang='lat' dir='ltr'><strong>hic</strong></span> 
     </span>
     <span class='ocr_line' id='line_1_20' title="bbox 229 2550 985 2627; baseline 0 -17"><span class='ocrx_word' id='word_1_107' title='bbox 229 2551 281 2610; x_wconf 92' lang='lat' dir='ltr'><strong>vel</strong></span> <span class='ocrx_word' id='word_1_108' title='bbox 310 2551 371 2610; x_wconf 88' lang='lat' dir='ltr'><strong>ibi:</strong></span> <span class='ocrx_word' id='word_1_109' title='bbox 402 2566 468 2609; x_wconf 93' lang='lat' dir='ltr'><strong>non</strong></span> <span class='ocrx_word' id='word_1_110' title='bbox 497 2550 649 2611; x_wconf 89' lang='lat' dir='ltr'><strong>invenies</strong></span> <span class='ocrx_word' id='word_1_111' title='bbox 680 2550 824 2627; x_wconf 90' lang='lat' dir='ltr'><strong>quietem</strong></span> <span class='ocrx_word' id='word_1_112' title='bbox 855 2550 919 2610; x_wconf 93' lang='lat' dir='ltr'><strong>nisi</strong></span> <span class='ocrx_word' id='word_1_113' title='bbox 951 2550 985 2610; x_wconf 97' lang='lat' dir='ltr'><strong>in</strong></span> 
     </span>
     <span class='ocr_line' id='line_1_21' title="bbox 192 2647 986 2725; baseline 0 -18"><span class='ocrx_word' id='word_1_114' title='bbox 192 2647 344 2708; x_wconf 82' lang='lat' dir='ltr'><strong>auhumili</strong></span> <span class='ocrx_word' id='word_1_115' title='bbox 361 2647 575 2723; x_wconf 86' lang='lat' dir='ltr'><strong>subiectione,</strong></span> <span class='ocrx_word' id='word_1_116' title='bbox 590 2650 650 2708; x_wconf 92' lang='lat' dir='ltr'><strong>sub</strong></span> <span class='ocrx_word' id='word_1_117' title='bbox 666 2647 825 2725; x_wconf 88' lang='lat' dir='ltr'><strong>regimine</strong></span> <span class='ocrx_word' id='word_1_118' title='bbox 840 2648 986 2724; x_wconf 86' lang='lat' dir='ltr'><strong>praelati.</strong></span> 
     </span>
     <span class='ocr_line' id='line_1_22' title="bbox 231 2745 986 2822; baseline 0.001 -18"><span class='ocrx_word' id='word_1_119' title='bbox 231 2745 419 2822; x_wconf 87' lang='lat' dir='ltr'><strong>Imaginatio</strong></span> <span class='ocrx_word' id='word_1_120' title='bbox 448 2745 594 2808; x_wconf 92' lang='lat' dir='ltr'><strong>locorum</strong></span> <span class='ocrx_word' id='word_1_121' title='bbox 624 2756 657 2807; x_wconf 87' lang='lat' dir='ltr'><strong>et</strong></span> <span class='ocrx_word' id='word_1_122' title='bbox 682 2745 835 2820; x_wconf 86' lang='lat' dir='ltr'><strong>mutatio,</strong></span> <span class='ocrx_word' id='word_1_123' title='bbox 864 2746 986 2806; x_wconf 91' lang='lat' dir='ltr'><strong>multos</strong></span> 
     </span>
     <span class='ocr_line' id='line_1_23' title="bbox 230 2842 985 2921; baseline 0 -19"><span class='ocrx_word' id='word_1_124' title='bbox 230 2842 355 2902; x_wconf 85' lang='lat' dir='ltr'><strong>fefellit.</strong></span> <span class='ocrx_word' id='word_1_125' title='bbox 405 2843 528 2904; x_wconf 90' lang='lat' dir='ltr'><strong>Verum</strong></span> <span class='ocrx_word' id='word_1_126' title='bbox 561 2853 611 2904; x_wconf 87' lang='lat' dir='ltr'><strong>est</strong></span> <span class='ocrx_word' id='word_1_127' title='bbox 639 2845 725 2921; x_wconf 96' lang='lat' dir='ltr'><strong>quod</strong></span> <span class='ocrx_word' id='word_1_128' title='bbox 756 2842 985 2920; x_wconf 92' lang='lat' dir='ltr'><strong>unusquisque</strong></span> 
     </span>
     <span class='ocr_line' id='line_1_24' title="bbox 229 2940 987 3017; baseline 0 -17"><span class='ocrx_word' id='word_1_129' title='bbox 229 2940 369 3000; x_wconf 90' lang='lat' dir='ltr'><strong>libenter</strong></span> <span class='ocrx_word' id='word_1_130' title='bbox 383 2941 447 3017; x_wconf 85' lang='lat' dir='ltr'><strong>agit</strong></span> <span class='ocrx_word' id='word_1_131' title='bbox 460 2957 519 3017; x_wconf 95' lang='lat' dir='ltr'><strong>pro</strong></span> <span class='ocrx_word' id='word_1_132' title='bbox 540 2956 640 3000; x_wconf 89' lang='lat' dir='ltr'><strong>sensu</strong></span> <span class='ocrx_word' id='word_1_133' title='bbox 656 2956 734 2999; x_wconf 91' lang='lat' dir='ltr'><strong>suo:</strong></span> <span class='ocrx_word' id='word_1_134' title='bbox 757 2950 789 3000; x_wconf 93' lang='lat' dir='ltr'><strong>et</strong></span> <span class='ocrx_word' id='word_1_135' title='bbox 811 2940 987 3001; x_wconf 90' lang='lat' dir='ltr'><strong>inclinatur</strong></span> 
     </span>
     <span class='ocr_line' id='line_1_25' title="bbox 229 3037 985 3114; baseline 0 -16"><span class='ocrx_word' id='word_1_136' title='bbox 229 3039 268 3098; x_wconf 88' lang='lat' dir='ltr'><strong>ad</strong></span> <span class='ocrx_word' id='word_1_137' title='bbox 290 3055 349 3098; x_wconf 90' lang='lat' dir='ltr'><strong>eos</strong></span> <span class='ocrx_word' id='word_1_138' title='bbox 370 3037 473 3114; x_wconf 85' lang='lat' dir='ltr'><strong>magis</strong></span> <span class='ocrx_word' id='word_1_139' title='bbox 501 3038 556 3113; x_wconf 93' lang='lat' dir='ltr'><strong>qui</strong></span> <span class='ocrx_word' id='word_1_140' title='bbox 585 3055 699 3098; x_wconf 92' lang='lat' dir='ltr'><strong>secum</strong></span> <span class='ocrx_word' id='word_1_141' title='bbox 722 3037 876 3098; x_wconf 89' lang='lat' dir='ltr'><strong>sentiunt.</strong></span> <span class='ocrx_word' id='word_1_142' title='bbox 920 3039 985 3099; x_wconf 89' lang='lat' dir='ltr'><strong>Sed</strong></span> 
     </span>
     <span class='ocr_line' id='line_1_26' title="bbox 192 3134 986 3198; baseline 0 -2"><span class='ocrx_word' id='word_1_143' title='bbox 192 3136 256 3198; x_wconf 73' lang='lat' dir='ltr'><strong>essi</strong></span> <span class='ocrx_word' id='word_1_144' title='bbox 287 3138 379 3196; x_wconf 86' lang='lat' dir='ltr'><strong>Deus</strong></span> <span class='ocrx_word' id='word_1_145' title='bbox 407 3145 457 3196; x_wconf 85' lang='lat' dir='ltr'><strong>est</strong></span> <span class='ocrx_word' id='word_1_146' title='bbox 485 3134 570 3195; x_wconf 92' lang='lat' dir='ltr'><strong>inter</strong></span> <span class='ocrx_word' id='word_1_147' title='bbox 598 3151 675 3195; x_wconf 92' lang='lat' dir='ltr'><strong>nos:</strong></span> <span class='ocrx_word' id='word_1_148' title='bbox 704 3151 843 3195; x_wconf 91' lang='lat' dir='ltr'><strong>necesse</strong></span> <span class='ocrx_word' id='word_1_149' title='bbox 872 3146 923 3196; x_wconf 90' lang='lat' dir='ltr'><strong>est</strong></span> <span class='ocrx_word' id='word_1_150' title='bbox 951 3146 986 3196; x_wconf 91' lang='lat' dir='ltr'><strong>ut</strong></span> 
     </span>
     <span class='ocr_line' id='line_1_27' title="bbox 230 3232 985 3310; baseline -0.001 -16"><span class='ocrx_word' id='word_1_151' title='bbox 230 3234 453 3310; x_wconf 90' lang='lat' dir='ltr'><strong>relinquamus</strong></span> <span class='ocrx_word' id='word_1_152' title='bbox 482 3232 578 3294; x_wconf 85' lang='lat' dir='ltr'><strong>etiam</strong></span> <span class='ocrx_word' id='word_1_153' title='bbox 610 3234 805 3309; x_wconf 91' lang='lat' dir='ltr'><strong>quandoque</strong></span> <span class='ocrx_word' id='word_1_154' title='bbox 836 3242 985 3293; x_wconf 90' lang='lat' dir='ltr'><strong>nostrum</strong></span> 
     </span>
     <span class='ocr_line' id='line_1_28' title="bbox 229 3329 986 3407; baseline 0.001 -16"><span class='ocrx_word' id='word_1_155' title='bbox 229 3331 352 3392; x_wconf 90' lang='lat' dir='ltr'><strong>sentire</strong></span> <span class='ocrx_word' id='word_1_156' title='bbox 380 3339 513 3407; x_wconf 90' lang='lat' dir='ltr'><strong>propter</strong></span> <span class='ocrx_word' id='word_1_157' title='bbox 541 3330 662 3390; x_wconf 93' lang='lat' dir='ltr'><strong>bonum</strong></span> <span class='ocrx_word' id='word_1_158' title='bbox 685 3329 784 3404; x_wconf 80' lang='lat' dir='ltr'><strong>pacis</strong></span> <span class='ocrx_word' id='word_1_159' title='bbox 829 3329 913 3406; x_wconf 90' lang='lat' dir='ltr'><strong>Quis</strong></span> <span class='ocrx_word' id='word_1_160' title='bbox 936 3342 986 3392; x_wconf 88' lang='lat' dir='ltr'><strong>est</strong></span> 
     </span>
     <span class='ocr_line' id='line_1_29' title="bbox 229 3427 986 3505; baseline 0.004 -17"><span class='ocrx_word' id='word_1_161' title='bbox 229 3428 273 3488; x_wconf 84' lang='lat' dir='ltr'><strong>ita</strong></span> <span class='ocrx_word' id='word_1_162' title='bbox 287 3429 435 3504; x_wconf 89' lang='lat' dir='ltr'><strong>sapiens;</strong></span> <span class='ocrx_word' id='word_1_163' title='bbox 451 3427 505 3505; x_wconf 95' lang='lat' dir='ltr'><strong>qui</strong></span> <span class='ocrx_word' id='word_1_164' title='bbox 517 3428 627 3489; x_wconf 90' lang='lat' dir='ltr'><strong>omnia</strong></span> <span class='ocrx_word' id='word_1_165' title='bbox 641 3428 738 3504; x_wconf 87' lang='lat' dir='ltr'><strong>plene</strong></span> <span class='ocrx_word' id='word_1_166' title='bbox 753 3427 838 3488; x_wconf 92' lang='lat' dir='ltr'><strong>scire</strong></span> <span class='ocrx_word' id='word_1_167' title='bbox 854 3431 986 3505; x_wconf 74' lang='lat' dir='ltr'><strong>potest?</strong></span> 
     </span>
    </p>
   </div>
   <div class='ocr_carea' id='block_1_8' title="bbox 230 3524 985 3670">
    <p class='ocr_par' dir='ltr' id='par_1_8' title="bbox 230 3524 985 3670">
     <span class='ocr_line' id='line_1_30' title="bbox 230 3524 985 3600; baseline 0.004 -17"><span class='ocrx_word' id='word_1_168' title='bbox 230 3524 313 3600; x_wconf 85' lang='lat' dir='ltr'><strong>Ergo</strong></span> <span class='ocrx_word' id='word_1_169' title='bbox 335 3524 401 3584; x_wconf 92' lang='lat' dir='ltr'><strong>noli</strong></span> <span class='ocrx_word' id='word_1_170' title='bbox 424 3524 523 3584; x_wconf 89' lang='lat' dir='ltr'><strong>nimis</strong></span> <span class='ocrx_word' id='word_1_171' title='bbox 545 3524 577 3585; x_wconf 95' lang='lat' dir='ltr'><strong>in</strong></span> <span class='ocrx_word' id='word_1_172' title='bbox 600 3541 702 3585; x_wconf 89' lang='lat' dir='ltr'><strong>sensu</strong></span> <span class='ocrx_word' id='word_1_173' title='bbox 724 3535 780 3586; x_wconf 92' lang='lat' dir='ltr'><strong>tuo</strong></span> <span class='ocrx_word' id='word_1_174' title='bbox 802 3527 985 3588; x_wconf 82' lang='lat' dir='ltr'><strong>confidere:</strong></span> 
     </span>
     <span class='ocr_line' id='line_1_31' title="bbox 597 3629 622 3670; baseline 0.04 -1"><span class='ocrx_word' id='word_1_175' title='bbox 597 3629 622 3670; x_wconf 84' lang='lat' dir='ltr'><strong>ro</strong></span> 
     </span>
    </p>
   </div>
   <div class='ocr_carea' id='block_1_9' title="bbox 0 0 1076 4194">
    <p class='ocr_par' dir='ltr' id='par_1_9' title="bbox 0 0 1076 4194">
     <span class='ocr_line' id='line_1_32' title="bbox 0 0 1076 4194; baseline 0 0"><span class='ocrx_word' id='word_1_176' title='bbox 0 0 1076 4194; x_wconf 95' lang='lat' dir='ltr'><strong> </strong></span> 
     </span>
    </p>
   </div>
  </div>
 </body>
</html>
