2178 4186
273 463 312 506 DE
328 461 565 508 RECOGNITIONE
580 463 731 509 PROPRIAF.
746 465 956 510 FRAGILITATIS

234 613 344 658 curam
366 597 465 674 gerit3
493 609 625 675 paratus
646 600 804 678 ampliora
825 600 881 661 tibi
905 601 993 662 dona

233 695 352 772 largiri,
374 695 401 755 si
424 696 542 758 viderit
563 697 596 757 in
618 697 763 759 minimis
787 708 819 758 te
841 697 992 762 fidelem:

233 803 265 854 et
286 794 326 854 ad
348 793 587 870 regratiandum
611 811 686 856 esse
709 795 900 857 ferventem.
937 797 990 858 Ad

232 891 310 968 quid
325 890 479 966 accepisti
496 908 534 951 os
549 901 581 952 et
603 892 763 969 linguam3
785 893 849 954 nisi
865 903 900 954 ut
915 894 989 954 Deo

209 979 357 1049 sreieras
379 989 508 1050 laudem
529 989 665 1065 gloriam
683 1001 715 1052 et
730 992 917 1052 honorem?
953 991 987 1052 Si

231 1097 265 1147 tu
294 1087 390 1147 alicui
420 1087 588 1148 benefacis
617 1097 671 1148 aut
702 1088 735 1148 in
764 1089 883 1150 melius
915 1108 989 1165 pro·
1080 1089 1081 1092 ’

231 1186 342 1261 vehis;
364 1202 474 1246 nonne
496 1203 593 1262 aegre
615 1185 715 1262 capis,
737 1186 764 1246 si
786 1187 905 1263 gratias
921 1205 987 1249 non
1080 1177 1081 1200 ¹

231 1283 407 1359 rependit?
441 1282 650 1360 Quapropter
671 1282 792 1343 divinis
813 1284 898 1345 insta
919 1286 988 1344 lau·
1076 1289 1081 1305 ¹

230 1381 342 1441 dibus:
372 1391 403 1442 et
432 1381 465 1441 in
487 1397 606 1442 canore
635 1380 736 1441 iubilo
759 1382 866 1442 Deum
891 1383 988 1443 lauda

196 1495 304 1538 rocum
335 1478 487 1540 omnibus
519 1478 693 1555 creaturis;
729 1495 771 1539 ne
806 1489 919 1540 contra
954 1491 987 1540 te

229 1577 452 1637 testimonium
470 1575 575 1636 ierant
589 1585 622 1636 et
632 1576 785 1636 clament:
801 1577 888 1653 quod
904 1577 987 1654 ipsis

230 1674 336 1736 Deum
359 1674 629 1734 benedicentibus
658 1683 691 1734 et
719 1674 760 1734 ad
784 1686 898 1736 nutum
929 1677 987 1736 ob-

229 1772 445 1848 oedientibus,
458 1782 492 1833 tu
503 1771 632 1833 tacuisti
643 1772 845 1848 agratiarum
856 1772 987 1833 actione

228 1878 260 1928 et
295 1868 390 1928 laude
426 1869 544 1930 divina.
589 1867 640 1929 Ad
671 1869 874 1930 excitandam
906 1887 986 1948 ergo

193 1975 372 2028 umentem
401 1977 489 2026 tuam
518 1967 552 2028 in
576 1966 636 2027 Dei
664 1967 808 2028 nominis
836 1968 986 2030 laudem:

227 2064 299 2139 lege
334 2065 411 2124 dum
442 2074 534 2125 vacat
569 2064 749 2126 orationem
786 2067 869 2126 hanc
908 2068 986 2127 sub·
1079 2145 1080 2154 ἵ

228 2172 421 2238 sequentem
444 2162 472 2222 si
494 2163 610 2238 placet.

251 2381 416 2445 ORATIO
439 2382 499 2443 AD
524 2382 806 2444 annnNovm
830 2381 956 2443 DEVM

474 2480 740 2546 FERVENTER.

188 2589 402 2810 aeffiffls
425 2667 518 2710 meus
541 2650 612 2710 laus
634 2667 707 2712 mea
729 2660 761 2712 et
781 2649 883 2727 gioria
897 2666 984 2712 mea.
1078 2667 1079 2730 ζ

356 2747 465 2824 Cupio
479 2757 511 2808 te
528 2748 658 2808 laudare
673 2758 738 2808 tam
754 2749 884 2809 excelsa
899 2764 984 2809 voce
1078 2743 1079 2748 ’

225 2855 256 2905 et
278 2855 342 2905 tam
359 2846 476 2907 devota
491 2855 616 2906 mente:
639 2845 724 2906 sicut
739 2861 891 2921 umquam
913 2845 984 2905 iau·

224 2944 318 3004 datus
340 2959 376 3002 es
398 2943 437 3002 ab
459 2942 567 3019 aliqua
596 2952 745 3003 creatura
772 2941 805 3002 in
834 2941 925 3003 caelo
948 2953 983 3003 et

223 3040 256 3100 in
285 3050 380 3100 terra.
424 3039 586 3100 Desidero
614 3051 646 3101 te
668 3038 885 3100 honorificare
913 3049 980 3099 tam

186 3154 339 3215 asmagno
370 3149 402 3199 et
424 3139 521 3216 digno
544 3141 686 3199 honore:
715 3137 800 3197 sicut
823 3151 979 3211 umquam

223 3234 456 3296 honorificatus
472 3252 509 3296 es
524 3237 563 3295 ab
577 3235 685 3312 aliquo
700 3243 813 3295 sancto
829 3233 861 3294 in
878 3249 980 3308 regno

221 3342 277 3393 tuo
300 3333 444 3394 caelesti,
479 3332 566 3410 Opto
588 3344 620 3394 te
642 3331 792 3394 venerari
815 3341 847 3391 et
868 3346 979 3390 amare

221 3441 285 3490 tam
316 3431 441 3491 ardenti
473 3430 592 3491 affectu
622 3441 654 3492 et
683 3446 834 3491 amoroso
862 3428 978 3490 corde:

221 3527 305 3587 sicut
327 3527 445 3603 aliquis
467 3527 606 3588 devotus
636 3537 668 3588 et
690 3527 856 3605 perfectus
878 3527 977 3586 homo

579 3631 620 3674 372
