2142 4194
17 462 339 526 *nemorosam
414 474 464 516 ro
535 473 816 526 mpedimento

18 617 31 674 ἡ
53 607 188 668 volenti.
218 607 317 684 Quod
332 606 360 666 si
377 607 504 667 fortiter
519 624 706 683 proponens
717 623 815 682 saepe

18 704 24 742 ³
54 705 183 781 deficit3
205 704 284 782 quid
300 704 356 764 ille
373 705 428 781 qui
445 722 528 780 raro,
550 714 605 764 aut
619 705 730 764 minus
753 704 815 764 fixe

17 809 24 825 '¹
55 803 177 878 aliquid
207 801 387 878 proponit?
434 800 543 861 Variis
571 811 680 861 tamen
710 800 816 860 modis

19 916 23 923 ·
55 898 214 976 contingit
226 899 369 959 desertio
380 899 538 975 propositi
553 899 673 959 nostri:
690 907 722 958 et
733 897 816 957 levis

20 999 29 1082 1¹
56 997 193 1057 omissio
216 997 446 1057 exercitiorum
469 997 523 1057 vix
539 995 611 1056 sine
627 996 736 1072 aliquo
752 995 840 1056 dis-s

18 1089 29 1120 ·’
56 1095 176 1171 pendio
198 1095 324 1155 transit.
368 1095 531 1156 Iustorum
557 1092 760 1169 propositum
783 1091 816 1151 in

17 1196 29 1273 ᾗ
56 1193 157 1268 gratia
170 1193 232 1253 Dei
243 1189 352 1269 potius
364 1210 460 1270 quam
472 1193 505 1254 in
516 1192 647 1268 propria
657 1190 818 1266 sapientia

17 1281 28 1317 ¹¹
57 1290 194 1364 pendet:
210 1290 243 1350 in
260 1308 324 1367 quo
340 1301 372 1350 et
386 1307 518 1368 semper
533 1289 710 1364 confidunt,
725 1288 817 1365 quid-

27 1438 28 1471 *
57 1387 135 1462 quid
157 1387 327 1462 arripiunt.
357 1390 440 1449 Nam
457 1391 556 1449 homo
574 1387 736 1464 proponit,
758 1387 817 1446 sed

27 1520 29 1572 i
58 1485 151 1544 Deus
180 1484 339 1560 disponit:
370 1504 431 1546 nec
461 1496 511 1547 est
540 1486 572 1546 in
602 1485 736 1545 homine
765 1484 818 1544 via
830 1506 854 1546 ro

27 1579 28 1671 i
57 1583 141 1642 eius.
172 1582 206 1643 Si
226 1583 356 1658 pietatis
372 1601 470 1643 causa
485 1593 539 1643 aut
555 1583 717 1643 Fraternae
732 1582 817 1642 utili-

27 1692 30 1789 ?
57 1679 133 1740 tatis
169 1680 355 1757 proposito,
391 1680 586 1758 quandoque
622 1689 816 1741 consuetum

28 1798 30 1813 ¹
58 1777 220 1838 omittitur
234 1779 444 1840 exercitium:
461 1780 556 1840 facile
572 1788 686 1854 postea
699 1778 817 1854 poterit

27 1899 28 1920 1
59 1875 256 1951 recuperari.
280 1875 313 1936 Si
326 1887 434 1938 autem
445 1878 551 1938 taedio
563 1875 662 1936 animi
674 1885 729 1936 aut
741 1893 818 1952 neg·

28 2015 29 2019 ,
59 1973 201 2050 legentis
217 1973 355 2034 faciliter
376 1975 586 2052 relinquitur:
608 1973 688 2032 satis
711 1973 854 2053 culpa-15

60 2071 125 2131 bile
148 2080 209 2146 est,
230 2081 263 2132 et
276 2070 430 2131 nocivum
447 2072 617 2132 sentietur.
648 2070 819 2132 Conemur

61 2177 217 2244 quantum
249 2186 443 2245 possumus:
478 2169 585 2229 adhuc
617 2167 734 2228 leviter
765 2168 818 2227 de-

62 2265 210 2326 ficiemus
238 2266 272 2326 in
301 2267 423 2328 multis.
467 2267 606 2343 Semper
629 2277 737 2328 tamen
762 2268 818 2328 ali-

61 2363 138 2438 quid
167 2363 247 2424 certi
276 2365 524 2440 proponendum
548 2374 616 2426 est:
645 2375 677 2425 et
706 2375 818 2426 contra

61 2460 115 2520 illa
152 2461 328 2537 praecipue
367 2480 450 2540 quae
486 2463 628 2539 amplius
663 2480 724 2522 nos
759 2462 855 2522 im·2o

60 2559 203 2634 pediunt.
256 2559 425 2621 Exteriore
453 2571 566 2620 nostra
597 2571 629 2621 et
662 2561 818 2621 interiora

59 2657 180 2732 pariter
194 2655 289 2716 nobis
302 2656 477 2716 scrutanda
487 2665 564 2717 sunt
576 2668 608 2718 et
622 2658 817 2719 ordinanda:

59 2753 135 2829 quia
168 2763 307 2830 utraque
342 2753 521 2829 expediunt
551 2755 590 2814 ad
623 2755 817 2831 profectum.

60 2851 93 2911 Si
116 2868 183 2912 non
206 2851 360 2911 continue
382 2860 414 2910 te
436 2852 527 2912 vales
556 2853 727 2929 colligere3
756 2854 818 2912 sal-

60 2959 124 3009 tem
160 2949 325 3009 interdum
361 2957 393 3009 et
428 2949 468 3009 ad
503 2950 613 3011 minus
644 2952 747 3011 semel
783 2951 853 3011 inas

60 3046 125 3107 die:
154 3064 251 3107 mane
272 3046 427 3107 videlicet
449 3056 503 3107 aut
525 3065 674 3124 vespere.
717 3031 817 3109 Mane

59 3161 222 3220 propone,
257 3161 397 3220 vespere
429 3144 556 3206 discute
592 3162 702 3205 mores
732 3155 817 3221 tuos,

59 3240 164 3317 qualis
194 3241 293 3302 hodie
325 3240 415 3300 fuisti
445 3241 478 3301 in
507 3243 625 3318 verbo,
657 3260 756 3319 opere
785 3253 817 3304 et

59 3339 269 3415 cogitatione:
299 3337 374 3415 quia
396 3337 429 3397 in
452 3337 504 3397 his
526 3340 658 3416 saepius
681 3341 815 3401 forsitan

61 3436 166 3496 Deum
190 3435 356 3497 offendisti
382 3447 413 3497 et
435 3438 629 3512 proximum.
671 3438 854 3515 Accingeso

60 3540 91 3592 te
113 3533 197 3594 sicut
219 3534 270 3594 vir
299 3544 412 3595 contra
433 3535 609 3595 diabolicas
637 3535 815 3612 nequitias:

97 3637 212 3680 mamaea
223 3638 250 3682 K.
262 3637 347 3691 Opera.
364 3637 394 3680 ΙΙ.
424 3639 451 3680 33
696 3641 710 3680 3
