2156 4168
523 441 689 498 Epllegamena.

270 575 392 637 Verum
415 594 557 653 quorsus
579 577 687 638 haec?
726 575 832 637 Hodie
854 593 984 654 quoqne

230 674 304 717 esse
333 667 475 733 constat,
504 658 559 735 qui
587 658 614 719 Α
644 674 710 717 non
739 656 899 732 auctoriS,
927 657 982 717 sed

216 738 350 800 ,librarii
382 737 526 798 Thomae
557 755 639 814 opus
671 755 746 798 esse
777 738 983 797 contendant.

230 817 378 896 Quorum
406 818 552 894 opinioni
583 819 655 894 ipsa
684 818 740 877 illa
769 817 984 878 mutationum

229 898 407 975 inAlonge
418 899 522 959 maior
536 915 632 975 quam
644 898 805 958 inceteris
816 897 984 958 codicibus
1062 957 1063 964 ,

229 979 401 1039 multitudo
417 979 604 1056 refragatur.
637 979 720 1038 Nam
737 995 811 1038 cum
826 977 984 1039 Thomam

230 1069 262 1119 et
282 1059 420 1120 aliorum
442 1069 474 1120 et
495 1059 599 1135 ipsius
617 1059 804 1119 testimonio
819 1059 983 1119 scribendi

1052 804 1063 937 ἶ

1060 975 1063 1060 l

229 1149 297 1200 arte
326 1139 488 1216 insignem
518 1140 622 1199 fuisse
644 1149 846 1216 compertum
869 1140 985 1199 habea·
1062 1165 1063 1194 t

229 1237 302 1279 mus
315 1225 333 1295 ¹,
355 1219 570 1281 creberrimas
591 1219 664 1279 illas
686 1220 884 1280 mutationes
906 1237 985 1279 non-

229 1300 291 1359 nisi
315 1299 422 1361 studio
444 1299 603 1376 audone,
632 1301 727 1377 quale
749 1299 933 1360 scribentes
955 1310 986 1360 et
1063 1337 1064 1382 t

229 1380 290 1456 ipsi
314 1398 375 1440 usu
399 1381 468 1441 lere
490 1380 574 1440 docti
597 1389 766 1456 tenemus,
787 1380 911 1458 ingenii
934 1381 984 1440 sni

229 1461 315 1520 fetus
338 1478 443 1538 usque
458 1460 660 1537 perpoliendi
676 1470 773 1538 atque
789 1460 984 1520 conficiendi

228 1541 381 1617 explicari
405 1559 470 1601 non
493 1541 686 1617 possemibi
707 1558 903 1617 persuasum
927 1551 985 1601 est.

229 1621 326 1697 Quod
348 1622 376 1681 si
399 1622 439 1681 de
461 1623 521 1681 hac
539 1639 574 1682 re
589 1631 684 1681 antea
699 1639 773 1681 cum
789 1621 899 1698 aliqua
914 1639 986 1697 pro-

227 1701 401 1762 babilitatis
430 1701 541 1778 specie
569 1702 608 1761 ab
631 1701 703 1761 aliis
732 1701 826 1762 aliter
847 1702 985 1762 iudicari

229 1781 367 1842 fortasse
383 1782 496 1858 potuit,
518 1781 594 1859 quid
610 1783 745 1858 posthac
760 1782 823 1841 iam
840 1783 881 1842 de
896 1781 986 1842 foliis

228 1863 358 1938 excisiS,
377 1863 514 1939 adquae
530 1863 674 1922 nondum
691 1863 874 1939 quisquam,
897 1863 984 1938 quod

228 1942 340 2019 sciam,
353 1943 497 2019 attendit,
513 1943 629 2003 dicturi
640 1943 716 2018 sint,
730 1959 894 2018 suspenso
906 1959 986 2002 sane

228 2022 336 2083 animo
346 2032 490 2100 expecto.
503 2023 586 2083 Mihi
595 2023 726 2100 quidem
735 2024 816 2083 haec
826 2040 879 2082 res
889 2023 987 2083 unice

228 2103 276 2162 sic
305 2103 437 2163 enodari
466 2120 565 2179 posse
592 2104 737 2179 videtur,
766 2113 800 2164 ut
825 2102 986 2164 Thomam

229 2184 367 2258 plurima
388 2184 577 2259 addentem,
599 2193 796 2259 mutantem,
820 2184 985 2244 delentem

228 2263 332 2323 sicubi
356 2264 470 2324 folium
492 2264 623 2340 aliquod
644 2264 782 2324 vidisset
809 2264 891 2323 adeo
915 2281 987 2341 per-

229 2344 321 2403 litum
344 2361 429 2420 esse,
450 2344 505 2403 vix
526 2354 561 2404 ut
583 2343 654 2419 ipse
676 2345 784 2420 legere
806 2355 929 2421 posset,
954 2344 987 2404 id

229 2424 380 2484 excidere
402 2442 499 2484 unam
515 2425 709 2484 medicinam
726 2441 801 2484 esse
823 2433 928 2484 ratum
952 2423 986 2483 in
1065 2429 1066 2434 ’

229 2505 350 2644 Ξοῐᾱίᾱί
373 2506 480 2566 locum
503 2521 623 2564 novum
647 2504 895 2580 transcripsisse
918 2521 987 2564 cre-

251 2602 353 2646 amus.

313 2776 357 2846 C.
392 2777 455 2843 DE
480 2774 628 2843 HVlVS
653 2773 903 2843 EDITIONIS

495 2872 722 2942 RATIONE.

271 3025 397 3085 Novam
412 3024 556 3084 Thomae
572 3040 590 3082 a
606 3023 742 3099 Kempis
764 3039 901 3097 operum
918 3039 987 3082 orn·

230 3106 320 3165 nium
343 3105 519 3166 editionem
540 3120 654 3179 parare
669 3120 777 3180 neque
792 3120 989 3178 supervaca-

233 3249 387 3256 *μ’-,ψ-

231 3324 286 3364 nihil
301 3325 401 3366 excisum
416 3330 459 3375 est,
474 3323 539 3363 culus
555 3324 586 3364 rel
602 3322 702 3363 notitiam
712 3319 784 3362 Adolli
795 3319 897 3362 Schmidt
912 3319 989 3360 ol'llcio

231 3389 325 3428 prorsus
341 3377 429 3418 amabili
445 3384 556 3428 acceptam
573 3375 652 3417 refero.

271 3431 279 3458 ¹
295 3430 344 3472 Cir.
360 3431 413 3473 Pohl
428 3430 552 3472 Handsohr.
568 3442 591 3483 p.
605 3428 725 3480 azo-323,
745 3428 782 3468 ubl
797 3439 847 3468 cum
865 3427 893 3468 de
908 3427 949 3467 hac
966 3437 989 3466 re

231 3482 305 3525 fusius
320 3486 416 3536 egerim,
435 3492 482 3524 tam
497 3484 651 3524 testimonium
665 3481 737 3523 adolfi
753 3479 854 3522 Schmidt
869 3481 890 3521 l(
908 3481 988 3532 paucis

230 3540 327 3589 exceptis
342 3538 510 3578 accuratissime
525 3539 608 3588 scripta
622 3548 674 3578 esse
688 3534 827 3576 adfirmantis
841 3534 914 3575 attuli.

587 3614 628 3655 468
