2160 4194
218 413 258 462 ω
283 409 424 453 LIBELLVS
441 410 479 452 DE
496 409 670 452 DISCIPLINA
686 408 914 452 CLAVSTRALIVM
935 410 977 462 ’,Θ

220 560 334 620 magna
356 543 515 619 sapientia
539 554 631 619 tene3
660 543 687 604 si
710 544 751 603 de
771 542 904 619 propria
926 561 977 603 sa·

218 641 340 716 pientia
375 640 457 701 nihil
488 641 605 701 habes:
641 651 673 701 et
704 640 887 716 simplicem
920 642 977 701 ob·

219 739 415 799 oedientiam
448 740 601 799 omnibus
637 737 817 798 rationibus
848 745 881 797 et
912 737 977 813 pri·
1066 749 1067 758 ¹

219 836 303 896 vatis
325 837 423 896 rebus
446 836 602 913 praefers.
636 835 701 914 Qui
726 837 787 895 hoc
811 834 887 895 iacit
904 835 977 894 Deo

197 933 342 1010 splacet3
371 943 403 994 et
431 934 574 1010 praelato
603 951 664 993 suo
693 950 788 993 carus
812 933 890 993 erit:
919 933 975 1010 qui

220 1048 278 1106 pro
300 1048 340 1091 eo
363 1031 521 1092 rationem
545 1031 667 1092 reddet.
708 1029 796 1092 Talis
825 1031 978 1091 subditus

220 1128 358 1190 multum
389 1128 520 1188 alleviat
552 1145 636 1188 onus
668 1129 800 1204 praelati
836 1129 909 1204 sui3
944 1137 978 1188 et

220 1225 369 1301 providet
397 1225 458 1284 sibi
489 1225 611 1301 optime
638 1225 670 1284 in
695 1225 821 1286 futuro:
849 1243 893 1286 ne
915 1225 978 1286 sub
1066 1303 1067 1314 ἵ

220 1322 309 1400 gravi
332 1322 521 1383 discrimine
543 1323 636 1383 cadat
664 1323 697 1383 in
721 1322 843 1382 iudicio
866 1339 976 1382 coram

187 1441 212 1480 ιο
222 1421 302 1480 Deo.
344 1419 409 1496 Qui
432 1421 502 1480 vult
524 1437 672 1480 summae
694 1420 889 1496 perfectioni
913 1419 978 1480 cito
1066 1421 1067 1430 ³

221 1516 979 1594 propinquare:studeatanteomniaoboedien·

221 1615 297 1675 tiam
327 1630 469 1674 servare.
513 1615 632 1691 Magna
661 1626 692 1674 et
721 1614 850 1691 egregia
872 1614 979 1674 virtus

221 1712 360 1788 simplex
372 1721 404 1772 et
414 1729 495 1788 pura
505 1711 712 1772 oboedientia
721 1711 877 1772 nesciens
887 1711 980 1771 tarda

222 1809 390 1871 molimina
404 1825 465 1869 nec
481 1826 598 1885 parans
613 1819 819 1885 argumenta:
842 1810 901 1870 sed
920 1809 979 1869 im·

189 1930 213 1970 is
222 1908 316 1983 plens
338 1901 428 1966 iussa
443 1906 515 1965 sine
530 1905 673 1982 querela.
704 1905 846 1982 Ideoque
861 1924 981 1983 magna
1066 1939 1067 1942 =

205 2005 252 2064 ,εἰ
282 2005 419 2064 debetur
447 2019 583 2062 corona:
613 2011 646 2062 et
675 2018 748 2061 curn
778 2003 980 2080 martyribus

222 2100 380 2177 percipiet
401 2101 558 2176 palmam3
587 2098 662 2176 quia
686 2098 821 2159 certavit
851 2097 982 2159 fortiter

223 2208 255 2259 et
270 2196 399 2273 subegit
414 2207 574 2271 naturam,
596 2195 799 2256 oboediendo
817 2199 981 2272 usquead

223 2305 371 2356 mortem.
414 2294 578 2371 Quoniam
602 2293 734 2371 quidem
762 2294 981 2355 fortissimum

186 2394 375 2455 revincendi
391 2410 497 2469 genus
512 2402 572 2468 est,
589 2392 815 2468 semetipsum
832 2393 982 2469 perfecte

223 2493 357 2553 vincere
388 2501 420 2551 et
451 2492 613 2566 abnegare
642 2500 774 2566 propter
803 2489 984 2551 oboedien-

224 2591 318 2665 tiam3
333 2605 417 2665 quae
429 2589 663 2648 monachorum
675 2597 725 2647 est
740 2587 811 2646 laus
821 2587 982 2648 maxima:

224 2697 256 2747 et
278 2685 423 2746 oninium
448 2683 674 2760 religiosorum
694 2699 814 2744 corona
827 2685 984 2760 pulcher-

223 2784 315 2844 rima.

187 2903 214 2944 25
265 2880 384 2942 OIelix
396 2889 428 2940 et
439 2877 636 2939 venerabilis
647 2877 865 2939 oboedientia:
881 2896 980 2956 quarn

225 2976 423 3055 praedicavit
456 2986 488 3036 et
523 2974 666 3035 servavit
698 2974 792 3034 Iesus
823 2975 982 3038 Christus

225 3173 348 3234 dicens.
392 3171 479 3248 Quia
500 3169 656 3230 descendi
680 3169 720 3230 de
744 3171 835 3231 caelo
857 3188 924 3231 non
947 3183 983 3233 ut

225 3269 340 3330 faciam
351 3269 551 3329 voluntatem
567 3283 690 3328 meam:
706 3267 764 3326 sed
777 3268 980 3329 voluntatem

188 3367 297 3429 soeius
312 3366 366 3443 qui
383 3365 472 3443 misit
486 3382 549 3426 me.
580 3365 706 3424 Etcum
727 3364 789 3425 iret
808 3365 847 3425 ad
870 3366 979 3427 locum

226 3075 387 3136 Dominus
409 3084 522 3135 noster
543 3081 677 3132 aeterna
693 3071 798 3132 Patris
820 3073 983 3148 sapientia
1066 3069 1067 3128 3

224 3462 403 3540 passionis:
424 3463 467 3522 ita
477 3461 581 3522 oravit
591 3478 665 3522 curn
676 3462 890 3538 abnegatione
907 3480 980 3539 pro·
1066 3465 1067 3530 ἶ

580 3568 621 3608 284
