2146 4194
241 443 362 496 &m
435 443 474 485 DE
490 442 669 486 ΙΜΙΤΑΤῙΟΝΕ
684 443 808 486 CHRISTI
878 443 1004 497 Q&
1062 503 1063 516 χ

243 575 427 637 ficationem
443 587 642 654 sequuntur;
657 594 736 637 vere
747 577 912 653 sapientes
924 594 1002 638 esse

243 685 500 751 cognoscuntur:
529 675 605 752 quia
626 675 667 735 de
688 675 830 736 vanitate
853 675 893 735 ad
915 676 1003 736 veri·
1063 713 1064 768 3

242 781 340 832 tatem
356 773 396 832 de
413 789 510 832 carne
525 773 564 832 ad
580 773 730 849 spiritum
747 774 1003 835 transieruntur.
1063 789 1064 820 1

244 871 319 931 lstis
347 871 431 947 sapit
460 872 569 947 Deus3
599 881 631 932 et
661 871 817 949 quidquid
845 872 921 931 boni
954 871 1003 931 in·

220 968 373 1031 svenitur
401 968 434 1028 in
464 968 639 1029 creaturis:
668 978 771 1029 totum
799 969 838 1028 ad
870 969 1002 1029 laudem

243 1066 390 1127 referunt
411 1065 462 1125 sui
479 1066 666 1127 conditoris.
697 1066 875 1128 Dissimilis
890 1075 1002 1126 tamen
1064 1071 1065 1080 ’

243 1174 275 1224 et
304 1164 441 1224 multum
471 1163 641 1223 dissimilis
670 1180 767 1239 sapor
790 1163 948 1224 creatoris
970 1174 1004 1224 et

244 1271 428 1337 creaturae,
450 1261 650 1321 aeternitatis
672 1273 704 1322 et
721 1261 894 1337 temporis:
915 1261 1003 1322 lucis

243 1359 407 1420 increatae
422 1368 454 1419 et
468 1359 552 1419 lucis
574 1358 784 1420 illuminatae.
813 1358 843 1420 Ο
859 1359 913 1418 lux
930 1375 1004 1435 per·
1065 1388 1066 1408 i

210 1473 234 1512 io
244 1466 351 1532 petua,
366 1467 482 1517 cuncta
493 1465 600 1516 creata
612 1456 849 1516 transcendens
860 1456 1003 1516 lumina:
1065 1457 1066 1512 ἶ

245 1555 372 1633 fulgura
394 1554 654 1614 coruscationem
683 1554 723 1613 de
748 1553 878 1613 sublimi
902 1571 1005 1630 pene·

244 1662 382 1713 trantem
406 1650 515 1712 omnia
537 1651 645 1710 cordis
667 1651 731 1711 mei
754 1651 876 1712 intima.
909 1651 1005 1711 Puri·

245 1747 305 1808 lica
327 1747 475 1824 laetifica,
497 1748 639 1809 clarifica
660 1758 692 1809 et
707 1749 836 1810 vivifica
850 1748 1004 1824 spiritum

244 1863 354 1906 meum
377 1863 451 1906 cum
474 1846 544 1906 suis
568 1846 739 1922 potentiis:
768 1846 807 1906 ad
829 1846 1006 1906 inhaeren-

211 1943 320 2003 tsdum
343 1942 400 2002 tibi
424 1943 573 2003 iubilosis
596 1943 797 2006 excessibus.
826 1943 856 2005 Ο
872 1945 1005 2022 quando

244 2042 355 2102 veniet
377 2043 458 2102 haec
480 2043 573 2103 beata
602 2053 633 2104 et
657 2042 884 2104 desiderabilis
906 2043 1007 2118 hora3

246 2150 280 2200 ut
302 2148 356 2199 tua
378 2156 430 2199 me
452 2140 552 2201 saties
574 2141 774 2216 praesentia:
798 2150 830 2201 et
851 2140 900 2200 sis
922 2139 1004 2200 mihi

245 2237 356 2297 omnia
376 2237 410 2296 in
432 2237 594 2297 omnibus.
624 2238 789 2315 Quamdiu
808 2239 870 2297 hoc
892 2237 1005 2298 datum

246 2350 312 2394 non
344 2334 459 2394 luerit:
490 2351 550 2394 nec
582 2335 715 2411 plenum
746 2335 900 2412 gaudium
932 2335 1006 2395 erit.

209 2430 363 2492 aolldhuc
386 2448 443 2508 pro
460 2431 552 2492 dolor
567 2431 647 2492 vivit
662 2432 695 2492 in
712 2449 764 2492 me
779 2442 874 2493 vetus
891 2433 1006 2492 homo:

247 2546 312 2589 non
335 2540 385 2590 est
400 2538 487 2589 totus
503 2529 690 2605 crucifixus,
712 2547 777 2590 non
793 2539 843 2590 est
858 2531 1007 2606 perfecte

247 2636 410 2702 mortuus;
425 2627 530 2686 adhuc
542 2627 745 2704 concupiscit
756 2627 883 2688 fortiter
893 2638 1007 2688 contra

248 2723 1005 2801 spiritum,bellamovetintestina:necregnum

248 2822 375 2882 animae
397 2822 516 2898 patitur
535 2839 611 2882 esse
626 2823 782 2899 quietum.
812 2821 878 2882 Sed
900 2833 935 2882 tu
951 2823 1005 2898 qui

211 2919 427 2982 asdominaris
462 2919 632 2995 potestatis
671 2919 771 2979 maris
811 2929 844 2980 et
881 2929 1005 2980 motum

250 3017 407 3078 fluctuum
423 3017 495 3077 eius
511 3016 655 3093 mitigas:
674 3033 794 3094 exurge
810 3016 930 3077 adiuva
945 3034 1007 3077 me.

250 3111 383 3188 Dissipa
396 3123 511 3189 gentes
527 3130 610 3190 quae
624 3114 710 3174 bella
725 3115 855 3174 volunt:
873 3124 1006 3176 contere

250 3226 305 3270 eas
327 3210 361 3270 in
383 3211 502 3272 virtute
524 3219 594 3286 tua;
616 3211 753 3272 ostende
775 3227 899 3287 quaeso
922 3228 1007 3287 mag·

250 3307 335 3367 nalia
367 3317 437 3367 tua:
473 3319 505 3368 et
539 3307 739 3384 glorificetur
773 3309 908 3367 dextera
938 3317 1008 3381 tua;

213 3403 326 3480 soquia
340 3421 406 3464 non
423 3414 472 3465 est
488 3423 564 3481 spes
579 3405 641 3464 alia
656 3422 717 3464 nec
733 3404 897 3481 refugium
915 3405 1007 3472 mihi:

251 3501 315 3562 nisi
337 3501 370 3560 in
393 3511 424 3562 te
446 3501 587 3561 Domine
611 3503 701 3562 Deus
724 3517 827 3562 meus.

609 3605 649 3646 aos
