2160 4194
101 461 862 518 &mmsffimwm

105 599 166 660 sed
189 616 268 676 coge
290 615 410 674 corpus
432 596 561 673 spiritui
584 595 721 656 servire.
758 596 861 655 Datur

104 695 194 757 enim
218 696 408 773 frequenter
428 712 513 755 nova
529 693 631 771 gratia
645 693 762 754 devote
777 693 860 769 psal·

105 794 197 855 lenti.
226 793 345 854 Sinon
366 791 561 868 adprimum
583 791 651 851 oris
673 791 719 852 tui
742 807 859 851 sonum

105 891 203 953 lectio
225 891 309 969 sapit
323 900 378 951 aut
392 891 555 967 psalmus;
578 899 713 966 expecta
728 889 860 949 Domini

104 989 257 1068 gratiam:
289 999 321 1050 et
348 1005 525 1064 persevera
553 1005 658 1065 usque
689 988 722 1047 in
752 986 884 1047 linems

105 1085 226 1147 Veniet
241 1085 469 1146 incunctanter
479 1085 658 1146 Dominus:
674 1095 706 1146 et
718 1085 861 1147 visitabit

106 1184 332 1245 desideranter
366 1183 406 1243 ad
442 1200 478 1244 se
514 1185 717 1245 clamantem.
770 1181 861 1244 Tunc

106 1281 277 1343 mirabitur
308 1291 340 1342 et
372 1281 557 1342 dilatabitur
592 1299 649 1342 cor
683 1290 792 1342 tuum:
827 1281 861 1341 in

106 1379 260 1442 omnibus
290 1396 375 1456 quae
405 1378 549 1439 audieris
580 1389 612 1439 et
642 1379 771 1456 legeris
824 1379 862 1440 Et

106 1477 196 1538 scies
217 1477 294 1554 quia
315 1477 485 1553 multiplex
507 1476 579 1536 eius
602 1476 670 1552 lex:
694 1485 726 1537 et
747 1476 862 1537 beatus
874 1499 898 1540 ro

2 1591 4 1610 *
106 1591 206 1653 quem
234 1574 305 1651 ipse
331 1573 479 1634 docuerit
506 1573 693 1634 testimonia
720 1591 796 1634 sua:
823 1574 862 1634 ad

108 1672 294 1734 laciendum
326 1689 364 1732 ea
394 1671 482 1732 omni
513 1681 661 1748 tempore
689 1689 763 1731 cum
792 1670 862 1731 dili-

105 1769 218 1849 gentia
238 1786 363 1846 magna.

151 1867 382 1928 Inclinationes
404 1876 436 1928 et
457 1867 703 1944 prostrationes,
724 1884 761 1927 ac
783 1867 863 1928 alias

107 1966 212 2025 bonas
227 1965 483 2026 consuetudines
494 1965 670 2026 cumomni
682 1965 863 2026 humilitate
876 1989 899 2030 rs

107 2063 264 2125 observa:
287 2063 405 2140 quibus
427 2063 589 2140 torpentia
610 2063 707 2124 corda
722 2063 863 2124 excitan-

107 2171 179 2235 tur,
208 2175 250 2219 ne
281 2159 457 2222 dormitent
484 2179 562 2238 prae
590 2161 696 2222 taedio
727 2177 863 2237 corpore

108 2260 207 2319 lasso.
253 2257 336 2318 Nam
368 2269 485 2320 cuncta
515 2259 543 2319 si
574 2259 682 2320 debite
712 2267 863 2336 agantur:

107 2356 149 2418 ad
172 2355 323 2416 meritum
353 2374 418 2416 non
448 2356 601 2433 exiguum
626 2366 863 2434 computantur.

110 2455 186 2532 lpse
209 2454 371 2515 Dominus
392 2464 505 2516 noster
528 2455 621 2515 lesus
639 2454 795 2517 Christus
816 2454 900 2517 in·2o

109 2561 217 2613 stante
232 2553 312 2612 hora
326 2552 490 2628 passionis
505 2569 601 2613 suae:
617 2552 711 2613 flexis
725 2551 864 2629 genibus

109 2659 143 2711 et
153 2651 246 2710 vultu
258 2659 418 2726 prostrato
434 2650 538 2710 oravit
552 2650 592 2710 ad
604 2650 743 2711 Patrem.
766 2649 863 2710 Sanc-

108 2759 164 2809 tus
175 2764 305 2824 quoque
320 2756 537 2825 protomartyr
549 2747 734 2824 Stephanus
749 2747 864 2823 positis

108 2845 266 2924 genibus:
288 2862 346 2921 pro
369 2845 586 2920 lapidantibus
608 2862 645 2905 se
660 2845 864 2922 supplicavit.

110 2945 235 3004 Beatus
251 2943 368 3005 Petrus
383 2943 560 3020 apostolus,
582 2944 724 3005 curvatis
746 2943 779 3003 in
795 2961 900 3007 ora-2⁵

109 3040 201 3102 tione
210 3040 503 3117 genibus:viduam
514 3050 674 3102 mortuam
685 3041 864 3102 suscitavit.

110 3137 218 3199 Maria
246 3138 440 3216 Magdalena
469 3139 632 3201 inclinans
663 3157 699 3201 se
730 3150 762 3201 et
791 3158 863 3217 pro·

109 3235 256 3313 spiciens
285 3237 319 3297 in
341 3248 605 3300 monumentum:
627 3238 708 3298 vidit
731 3239 864 3315 angelos

109 3342 253 3395 sanctos.
305 3334 378 3396 Stes
417 3352 493 3413 ergo
535 3346 726 3398 reverenter
767 3336 862 3399 sicuti

108 3433 206 3494 decet
228 3433 353 3496 Christi
382 3449 532 3510 servum3
560 3445 615 3496 aut
635 3445 806 3511 prosterne
832 3444 899 3496 teeo

108 3531 280 3593 humiliter
308 3532 353 3593 uti
382 3542 525 3609 oportet:
553 3533 598 3594 nil
627 3532 863 3609 praetereundo

465 3637 506 3681 nn
