2178 4186
231 427 392 482 &m
424 426 463 470 DE
479 425 666 470 ELEVATIONE
680 423 792 468 MENTIS
825 423 991 478 &W
1081 379 1082 396 Χ

233 562 312 622 riam
348 560 555 638 passionum,
590 558 873 620 mortificationem
910 574 991 617 con-

233 659 507 736 cupiscentiarum
537 669 569 719 et
597 658 814 735 superborum
838 666 988 716 motuum

232 757 521 834 suppressionem,
561 755 793 816 extinctionem
833 753 989 827 invidiae,

232 852 465 930 mitigationem
481 853 667 914 iracundiae
678 853 903 930 expulsionem
914 868 988 912 ace·

209 950 315 1025 auiae,
330 950 578 1011 detestationem
595 950 747 1011 avaritiae
763 949 987 1026 repulsionem

233 1046 867 1124 malaetristitiae,contemptumgloriae‚
878 1046 986 1122 fugam

234 1145 369 1206 honoris
390 1156 422 1206 et
437 1145 582 1206 omnium
605 1143 864 1205 consolationum
885 1151 988 1202 terre·

234 1258 348 1303 narum
370 1242 603 1318 abiectionem,
631 1243 730 1303 itaut
752 1241 797 1301 nil
820 1249 987 1301 terrenum

234 1341 279 1400 nil
302 1341 459 1401 caducum
479 1341 525 1401 nil
539 1357 659 1400 vanum
675 1339 720 1399 nil
742 1337 918 1411 curiosum,
941 1335 988 1396 nil

200 1459 224 1499 ro
235 1439 363 1498 carnale
394 1438 438 1498 nil
469 1438 623 1498 blandum
657 1438 702 1498 nil
733 1453 905 1514 asperum,
940 1435 988 1495 nil
1081 1483 1082 1522 ἦ

235 1536 387 1613 cupidum
403 1536 448 1596 nil
464 1536 599 1597 lividum
610 1536 655 1596 nil
672 1535 789 1595 falsum
805 1535 850 1596 nil
866 1535 991 1612 lictum,
1081 1527 1082 1544 ³

235 1651 291 1694 cor
325 1650 435 1694 meum
475 1644 582 1710 tangat
612 1642 741 1694 moveat
771 1633 824 1693 vel
859 1632 991 1708 alliciat,
1081 1697 1082 1712 χ

235 1730 338 1807 capiat
352 1730 507 1808 illaqueet
520 1740 575 1792 aut
589 1731 732 1808 seducat.
758 1730 807 1790 Da
822 1729 988 1791 fastidium

235 1828 380 1889 omnium
403 1839 607 1889 terrenorum
623 1827 822 1888 desiderium
840 1837 990 1889 aeterno·
1081 1883 1082 1896 ,

201 1947 226 1989 ιε,
235 1942 325 2001 rum,
353 1942 496 1986 amorem
519 1925 627 1986 omnis
647 1925 723 1985 boni
746 1924 990 1985 assecutionem

236 2023 343 2083 omnis
353 2023 493 2098 virtutis,
508 2022 726 2100 cognitionem
742 2039 889 2082 summae
904 2023 993 2082 veri-

235 2121 310 2180 tatis
326 2120 513 2182 fruitionem
530 2132 681 2182 aeternae
698 2118 871 2180 felicitatis.
900 2119 993 2180 Con-

236 2218 316 2278 cede
346 2218 471 2279 beatam
503 2234 539 2277 ac
572 2217 701 2278 felicem
730 2217 844 2278 mortis
875 2220 991 2278 horam

235 2315 385 2377 invenire
416 2325 447 2376 et
483 2314 515 2375 in
551 2315 668 2375 timore
703 2325 759 2375 tuo
794 2325 826 2375 et
857 2315 993 2375 caritate

198 2431 368 2490 aosemper
388 2412 564 2473 ambulare.
595 2411 723 2472 Evacua
745 2428 927 2472 cormeum
951 2412 993 2471 ab
1081 2399 1082 2420 ³

236 2511 324 2573 omni
347 2520 494 2572 creatura
516 2520 548 2569 et
569 2509 608 2570 ab
630 2509 718 2569 omni
741 2509 827 2586 quod
850 2526 903 2570 me
931 2509 994 2569 im·
1081 2515 1082 2526 ³

235 2609 347 2685 pedire
362 2619 469 2685 potest
480 2617 512 2668 et
522 2607 746 2668 obtenebrare.
765 2607 834 2668 Sim
850 2608 993 2684 simplex

235 2723 337 2783 purus
359 2716 392 2767 et
412 2715 499 2766 totus
521 2704 554 2764 in
577 2713 608 2765 te
631 2703 715 2765 fixus
737 2721 773 2764 ac
796 2720 992 2780 suspensus.

237 2805 286 2864 Da
306 2820 417 2863 veram
446 2803 607 2863 internam
634 2812 666 2862 et
694 2801 836 2862 divinam
866 2817 994 2878 pacem,

199 2922 226 2963 25
236 2912 268 2962 et
289 2901 361 2961 sine
384 2900 471 2962 omni
494 2899 736 2976 perturbatione
752 2906 894 2960 mentem
918 2914 993 2973 pos·

236 2999 344 3060 sidere
372 2998 590 3075 tranquillam.
633 2998 682 3057 Da
703 2996 743 3057 ad
764 2994 885 3073 aliquid
911 3005 994 3055 tem-

236 3098 346 3173 porale
357 3097 475 3158 vitiose
487 3112 552 3156 non
567 3094 664 3170 affici,
679 3111 740 3154 nec
751 3093 790 3152 ab
802 3091 994 3153 hominibus

236 3195 322 3254 velle
344 3193 476 3270 agnosci
491 3210 553 3253 nec
571 3191 676 3253 curari
693 3208 753 3252 nec
776 3191 874 3251 stulte
889 3190 992 3250 amari

237 3291 312 3369 quia
334 3307 449 3352 omnes
471 3290 632 3349 seducunt
651 3298 683 3348 et
701 3287 913 3361 seducuntur,
935 3286 993 3362 qui

200 3397 327 3452 aoextra
355 3399 386 3448 te
415 3387 536 3465 aliquid
565 3387 747 3448 inordinate
776 3385 913 3462 cupiunt
938 3385 993 3444 vel

237 3484 383 3561 diligunt.
426 3485 560 3545 Nullum
583 3483 622 3543 ad
644 3500 697 3543 me
719 3481 905 3554 hominem,
934 3498 995 3557 per

593 3587 634 3628 ne
