2160 4194
103 468 866 524 &mammam

107 663 169 724 DE
183 662 524 726 EXAMINATIONE
536 661 867 727 CONSCIENTIAE

240 760 561 826 COMPLETORIO
585 760 742 823 FINITO.

359 937 564 990 CAPITVLVM
583 939 625 988 tx.

108 1035 283 1256 &Ero
305 1093 368 1153 iam
392 1093 476 1154 facto
499 1093 714 1154 examinanda
728 1103 779 1154 est
793 1110 868 1155 con-

239 1191 427 1252 scientiade
442 1189 529 1252 statu
541 1191 689 1254 deiectus
704 1191 891 1253 hodiernizs

109 1288 141 1349 si
172 1287 267 1349 solito
289 1287 413 1366 pigrior
433 1290 485 1350 vel
516 1289 697 1350 ferventior
724 1288 868 1350 extitisti.

110 1386 189 1447 Non
211 1403 326 1462 parcas
354 1385 411 1446 tibi
441 1385 503 1464 ipsi
532 1385 566 1446 in
588 1386 771 1448 defectibus
800 1403 869 1446 cor-

110 1483 275 1560 rigendis:
297 1485 355 1544 sed
377 1503 477 1562 argue
499 1501 582 1562 quae
600 1485 730 1562 propria
752 1485 869 1563 iniqui·

110 1590 179 1643 tate
200 1580 405 1643 commisisti.
434 1581 482 1643 Tu
505 1599 582 1642 reus
602 1599 655 1642 es:
678 1593 712 1644 tu
734 1584 815 1643 haec
837 1592 870 1643 et

109 1679 171 1740 iila
192 1678 308 1739 iecisti.
339 1679 493 1757 Recogita
508 1679 585 1756 quid
608 1680 641 1740 in
659 1682 770 1756 choro,
792 1680 869 1757 quid
882 1701 906 1742 ro

110 1778 147 1838 in
160 1777 270 1854 missa,
285 1778 363 1855 quid
373 1778 407 1838 in
419 1787 593 1853 conventu,
607 1777 686 1855 quid
697 1777 730 1837 in
741 1794 870 1838 mensa:

110 1875 192 1952 quid
215 1875 296 1936 foris
317 1876 395 1953 quid
420 1877 453 1937 in
476 1877 559 1937 cella
580 1875 678 1936 hodie
700 1875 794 1953 egisti
817 1876 869 1936 vel

110 1973 265 2035 omisisti.
329 1974 469 2052 Quando
514 1984 617 2036 totum
663 1973 870 2050 emendabis;

111 2071 244 2148 quando
275 2071 459 2133 satisfacies
492 2073 563 2132 Deo
595 2081 627 2132 et
659 2071 803 2149 angelis,
838 2079 870 2131 et

112 2168 332 2230 hominibus?
367 2169 505 2231 Debitor
525 2186 562 2230 es
583 2168 747 2230 omnium:
777 2177 809 2229 et
830 2168 869 2228 ad
882 2191 906 2232 rs

112 2266 273 2326 solvenda
301 2267 409 2328 debita
436 2277 662 2344 peccatorum,
690 2265 744 2327 vix
768 2282 869 2326 unum

112 2364 218 2425 habes
252 2365 414 2442 integrum
451 2382 632 2426 nummum.
688 2363 773 2442 Quis
808 2363 870 2424 iste

112 2462 298 2523 nummus?
341 2461 519 2525 Confessio
546 2461 613 2522 oris
634 2478 675 2522 ex
696 2478 774 2521 vera
796 2477 871 2521 con·

113 2559 247 2621 tritione
270 2559 388 2620 cordis.
431 2561 581 2637 Loquere
602 2576 679 2637 ergo
702 2576 776 2619 cum
799 2575 871 2634 pro·

114 2660 215 2735 pheta
234 2674 293 2733 pro
315 2657 412 2718 venia
432 2658 644 2734 impetranda.
680 2655 907 2719 Confiteborao

114 2755 290 2816 adversum
307 2770 359 2815 mc
381 2754 573 2815 iniustitiam
590 2771 694 2815 meam
713 2753 870 2814 Domino:

115 2863 149 2914 et
177 2861 211 2913 tu
240 2852 396 2915 remisisti
425 2853 624 2929 impietatem
649 2852 773 2929 peccati
796 2850 871 2911 mei.

116 2951 182 3010 Pro
204 2951 264 3010 hac
293 2950 396 3011 orabit
417 2951 457 3011 ad
485 2960 517 3012 te
539 2950 647 3011 omnis
676 2958 808 3009 sanctus
837 2948 871 3008 in

115 3059 264 3124 tempore
294 3057 487 3125 opportuno.
539 3046 707 3125 Siquidem
741 3057 872 3123 tempus

115 3146 221 3222 magis
261 3155 480 3222 opportunum
522 3145 561 3205 ad
606 3143 908 3208 recollectionemzs

116 3243 226 3305 cordis
257 3243 368 3304 variis
391 3242 660 3320 occupationibus
692 3260 751 3319 per
785 3242 871 3303 diem

115 3341 262 3403 distracti
285 3341 414 3402 videtur
441 3358 516 3402 esse
544 3342 623 3401 hora
651 3339 872 3416 completorii:

9 3517 12 3522 Ι
115 3441 157 3502 ad
178 3438 323 3517 quietem
346 3449 478 3500 sanctae
499 3438 679 3501 vacationis
700 3455 759 3515 pro
784 3456 872 3499 sere·

114 3536 249 3599 natione
271 3536 492 3598 conscientiae
511 3537 697 3613 purgandae
712 3537 872 3613 deputata.

475 3640 516 3684 an
