2160 4194
98 471 856 527 mffilfflffifflw

100 603 272 680 disciplina
294 615 348 665 tua
370 603 440 679 ipsa
462 620 515 664 me
530 605 668 666 docebit.
698 607 854 683 Magnum

100 702 221 762 donum
238 702 299 763 Dei
322 711 372 763 est
393 702 514 762 habere
529 703 699 765 scientiam
717 705 855 782 scriptu·

100 815 225 858 rarum:
247 799 306 859 sed
328 798 431 876 magis
452 800 703 876 praeferendum
726 803 856 864 videtur

99 911 231 955 servare
242 895 366 956 ordinis
377 895 591 973 disciplinam.
608 899 694 961 Hinc
705 917 855 962 summus

100 990 255 1067 magister
269 991 424 1053 Christus
444 993 566 1054 docens
582 995 760 1073 discipulos
776 1015 877 1060 suoss

99 1089 204 1165 legem
235 1089 319 1151 vitae
349 1100 380 1150 et
409 1090 618 1168 disciplinae:
647 1093 695 1154 sic
723 1095 776 1157 ait.
820 1096 853 1158 Si

98 1186 180 1246 haec
204 1186 312 1248 scitis:
340 1187 424 1248 beati
455 1187 547 1249 eritis
575 1189 602 1250 si
633 1191 778 1252 feceritis
806 1210 845 1254 ea

99 1284 182 1344 Nam
198 1294 287 1345 tanto
303 1285 337 1346 lit
351 1285 492 1363 quisque
507 1287 632 1348 beatior
645 1306 753 1350 coram
766 1290 854 1352 Deo:

97 1391 219 1458 quanto
255 1383 436 1444 ferventior
470 1393 520 1444 est
554 1402 612 1462 pro
648 1387 854 1449 observantia

97 1478 301 1556 disciplinae.
633 1509 635 1512 ·
865 1499 890 1541 ro

139 1578 213 1637 Duo
242 1578 326 1638 bona
353 1578 537 1655 praetendit
560 1579 667 1640 omnis
695 1580 854 1657 regularis

96 1675 286 1754 disciplina;
301 1686 336 1737 ut
346 1684 464 1738 statuta
479 1677 652 1755 diligenter
666 1686 853 1739 serventur:

95 1785 129 1836 et
144 1776 356 1852 neglegentes
371 1792 429 1851 pro
440 1775 545 1851 culpis
556 1775 626 1836 suis
641 1777 852 1853 corrigantur.

96 1873 216 1934 Devoti
233 1884 265 1934 et
279 1873 355 1934 boni
379 1873 488 1933 fratris
510 1882 560 1933 est
579 1873 767 1935 violentiam
790 1876 851 1935 sibi

95 1971 206 2032 iacere
217 1970 527 2047 contrapravitatem
539 1980 684 2046 naturae,
695 1983 727 2033 et
736 1983 853 2050 sponte
864 1989 889 2029 15

94 2087 134 2130 se
155 2070 296 2130 subdere
319 2068 526 2146 disciplinae:
549 2087 610 2130 nec
625 2069 746 2147 aliquid
769 2071 853 2132 ordi·

93 2176 208 2226 natum
238 2166 425 2242 praeterire.
475 2167 557 2227 Nam
589 2167 644 2244 qui
676 2178 761 2228 amat
789 2169 853 2229 dis·

93 2264 249 2341 ciplinam
272 2265 404 2341 sapiens
424 2275 490 2325 est:
513 2273 545 2326 ct
561 2265 713 2326 ditabitur
728 2265 853 2326 virtuti-

92 2364 158 2422 bus
181 2361 301 2423 multis
331 2361 396 2438 Qui
420 2372 527 2422 autem
544 2362 611 2422 odit
629 2361 853 2438 correptiones

92 2458 258 2534 insipiens
280 2470 345 2520 est:
368 2460 547 2519 ethonore
570 2458 701 2519 carebit.
861 2473 889 2514 ao

137 2557 322 2618 Considera
353 2573 463 2617 mores
499 2555 608 2616 fratris
639 2554 853 2632 disciplinati3

91 2654 253 2732 quianon
269 2665 319 2716 est
334 2654 417 2714 levis
433 2653 542 2714 verbis
553 2669 614 2713 nec
626 2652 731 2712 oculis
742 2669 853 2728 vagae,

92 2755 154 2814 sed
170 2755 311 2814 ambulat
332 2753 366 2812 in
382 2751 498 2812 timore
515 2751 587 2827 Dei,
610 2751 734 2811 etfacit
755 2768 854 2827 opera

92 2870 156 2912 sua
178 2869 251 2912 cum
268 2849 450 2926 diligentia:
473 2848 663 2908 custodiens
685 2847 851 2907 silentium

92 2958 128 3009 et
150 2965 262 3009 amans
277 2947 380 3008 cellae
396 2946 549 3024 quietem.
580 2946 654 3006 Non
672 2953 852 3005 murmurat
860 2961 888 3002 as

91 3063 160 3106 non
190 3045 345 3107 detrahit:
377 3045 435 3104 sed
464 3044 536 3104 Deo
566 3059 663 3103 omne
694 3042 850 3102 iudicium

91 3142 276 3217 committit,
299 3150 331 3201 et
346 3159 383 3202 se
398 3141 505 3218 ipsum
521 3159 599 3218 prae
619 3140 724 3201 oculis
739 3140 852 3215 habet3

90 3248 127 3299 et
148 3256 232 3315 quae
254 3237 316 3298 sibi
340 3238 515 3298 commissa
530 3255 595 3299 non
616 3247 703 3315 sunt,
724 3239 764 3298 de
787 3238 851 3297 illis

90 3345 194 3397 tacet:
224 3346 260 3396 ut
288 3335 424 3396 liberius
452 3335 514 3396 sibi
537 3335 599 3412 ipsi
622 3345 724 3396 vacet.
768 3335 849 3395 Nam

89 3433 193 3494 nimis
215 3432 377 3510 insipiens
399 3443 450 3493 est
471 3433 526 3509 qui
549 3433 679 3509 propria
693 3432 888 3508 neglegitzeo

88 3541 123 3592 et
145 3531 264 3592 alienis
280 3531 379 3590 rebus
400 3547 436 3590 se
453 3530 605 3606 implicat.
635 3529 849 3606 Disciplinam

454 3635 495 3676 aas
