2136 4190
202 497 324 550 mm
395 499 433 542 oa
450 497 770 542 rnrrarronacnmsrr
839 500 1004 554 lesnes

205 631 272 692 Pax
302 649 375 692 mea
405 649 479 692 cum
508 632 688 693 humilibus
718 642 750 693 et
779 633 955 694 mansuetis
989 635 1002 696 l

204 730 311 790 corde.
356 729 422 790 Pax
450 739 506 790 tua
527 730 589 791 erit
617 729 651 790 in
675 731 776 791 multa
797 730 956 807 patientia.

204 826 238 887 Si
261 845 314 888 me
336 827 480 887 audieris
504 837 536 888 et
558 844 673 887 vocem
698 844 804 888 meam
826 837 956 888 secutus

205 924 323 984 fueris:
356 925 478 1002 poteris
509 926 611 986 multa
639 943 719 1002 pace
749 926 822 986 frui.
872 924 957 1003 Quid

181 1021 301 1097 sigitur
323 1021 467 1082 faciam?
510 1022 656 1083 inomni
687 1041 723 1083 re
751 1025 881 1085 attende
902 1023 956 1084 tibi

204 1118 282 1195 quid
305 1119 404 1179 facias
427 1129 458 1180 et
480 1120 558 1197 quid
580 1120 687 1198 dicas;
709 1130 742 1181 et
761 1137 891 1181 omnem
913 1121 958 1180 in-

203 1217 383 1278 tentionem
412 1227 500 1278 tuam
523 1217 562 1277 ad
584 1219 647 1278 hoc
669 1218 789 1295 dirige,
818 1228 853 1279 ut
881 1217 958 1277 mihi

204 1314 266 1374 soli
288 1314 434 1391 placeas:
457 1324 488 1375 et
510 1324 601 1375 extra
615 1332 668 1375 me
684 1316 765 1377 nihil
782 1315 894 1392 cupias
908 1315 959 1375 vel

205 1429 360 1488 quaeras3
391 1412 449 1472 sed
479 1421 511 1472 et
541 1412 581 1472 de
613 1413 750 1473 aliorum
781 1413 878 1473 dictis
908 1414 959 1472 vel

171 1527 196 1568 ιο
205 1511 299 1571 factis
321 1511 366 1570 nil
382 1521 507 1572 temere
529 1510 665 1586 iudices,
687 1527 748 1570 nec
766 1526 840 1569 cum
863 1509 960 1568 rebus

204 1608 261 1668 tibi
277 1625 343 1668 non
359 1608 547 1668 commissis
562 1618 594 1669 te
610 1608 776 1685 implices:
798 1617 830 1667 et
844 1606 962 1682 poterit
1020 1680 1022 1684 ι

206 1705 276 1766 fieri
298 1716 333 1767 ut
354 1724 468 1783 parum
497 1707 549 1766 vel
572 1723 644 1766 raro
666 1705 818 1766 turberis.
861 1705 963 1764 Num·

206 1821 301 1880 quam
318 1813 425 1864 autem
441 1804 565 1864 sentire
578 1803 718 1880 aliquam
734 1801 962 1876 turbationem,

205 1920 267 1963 nec
289 1902 429 1980 aliquam
451 1902 516 1979 pati
534 1901 642 1962 cordis
657 1901 709 1961 vel
725 1899 872 1976 corporis
894 1917 962 1959 mo·

172 1999 351 2076 islestiam3
366 2017 432 2060 non
448 2010 498 2060 est
513 1999 696 2077 praesentis
711 1998 885 2075 temporis:
904 1997 963 2057 sed

206 2106 309 2157 status
320 2106 471 2157 aeternae
483 2097 612 2175 quietis.
635 2098 710 2157 Non
721 2113 797 2172 ergo
809 2095 964 2156 aestimes

206 2205 238 2256 te
260 2212 370 2254 veram
393 2212 507 2271 pacem
523 2195 692 2255 invenisse
707 2195 735 2254 si
751 2195 874 2254 nullam
890 2211 964 2253 sen·

207 2293 291 2353 seris
319 2293 528 2370 gravitatem3
558 2311 620 2354 nec
650 2303 727 2354 tunc
755 2303 859 2354 totum
889 2309 966 2352 esse

207 2391 340 2466 bonum,
362 2390 389 2449 si
406 2392 573 2452 neminem
589 2392 710 2468 pateris
725 2391 966 2451 adversarium:

170 2503 268 2548 zonec
291 2490 353 2549 hoc
376 2506 450 2548 esse
472 2489 654 2565 perlectum
684 2489 712 2549 si
742 2499 860 2550 cuncta
889 2488 968 2548 liant

207 2587 388 2648 secundum
419 2597 511 2648 tuum
543 2587 716 2663 affectum;
747 2604 857 2664 neque
887 2596 968 2647 tunc

207 2686 328 2764 aliquid
350 2686 457 2762 magni
480 2695 512 2746 te
534 2695 677 2762 reputes,
702 2694 756 2745 aut
778 2685 970 2761 specialiter

207 2784 361 2844 dilectum
384 2784 569 2844 existimes:
598 2784 626 2844 si
655 2784 688 2844 in
718 2801 834 2860 magna
862 2783 970 2843 fueris

207 2880 380 2942 devotione
402 2891 499 2958 atque
521 2881 710 2956 dulcedine3
739 2881 815 2956 quia
836 2881 870 2940 in
893 2879 970 2940 istis

169 2994 272 3038 zenon
302 2979 509 3055 cognoscitur
537 2995 636 3038 verus
665 2986 789 3037 amator
817 2977 970 3038 virtutis:

207 3093 268 3137 nec
297 3076 330 3135 in
359 3076 431 3136 istis
458 3068 607 3136 consistit
636 3076 803 3152 profectus
832 3085 866 3135 et
894 3091 971 3151 per·

208 3173 305 3234 lectio
334 3173 488 3234 hominis.
532 3173 568 3233 In
597 3190 661 3250 quo
690 3190 767 3251 ergo
795 3171 972 3232 Domine?

207 3271 243 3331 ln
266 3271 435 3331 offerendo
457 3281 489 3332 te
511 3289 551 3332 ex
572 3280 639 3332 toto
662 3271 759 3331 corde
778 3280 833 3330 tuo
850 3271 972 3330 volun-

206 3369 261 3429 tati
278 3369 424 3445 divinae3
440 3386 505 3429 non
521 3368 709 3445 quaerendo
720 3385 803 3444 quae
817 3378 875 3428 tua
889 3377 975 3428 sunt
1059 3385 1064 3446 i

170 3481 268 3526 aonec
290 3466 323 3525 in
346 3484 445 3542 parvo
468 3482 529 3525 nec
551 3466 585 3524 in
601 3482 727 3542 magno,
749 3465 863 3525 necin
885 3475 974 3525 tem-

206 3580 286 3638 pore
301 3580 362 3623 nec
378 3563 411 3622 in
427 3563 634 3638 aeternitate3
649 3563 693 3623 ita
707 3572 742 3623 ut
757 3579 822 3622 una
836 3562 974 3640 aequali
1055 3590 1062 3656 p

566 3665 604 3707 192
