2138 4196
102 456 383 509 mammeam
445 455 517 499 ms
577 457 860 512 &moratam

103 590 228 650 meritis
259 591 397 651 debetur
425 590 612 666 hominum,
642 591 730 668 quod
761 592 859 652 horno

103 698 274 748 consecret
288 698 320 748 et
335 697 449 748 tractet
461 687 585 748 Christi
602 698 859 749 sacramentum:

102 795 133 845 et
163 796 272 846 sumat
302 785 336 845 in
366 785 474 845 cibum
511 801 627 862 panem
659 785 858 861 angelorum.

102 882 237 944 Grande
259 881 496 957 ministerium,
524 892 557 942 et
578 898 694 958 magna
720 881 859 959 dignitas

101 978 453 1055 sacerdotumzquibus
463 979 573 1040 datum
582 980 725 1056 estquod
734 980 881 1056 angeliss

101 1094 166 1136 non
189 1087 240 1138 est
261 1094 467 1138 concessum.
499 1077 566 1138 Soli
589 1095 730 1156 namque
752 1096 859 1140 sacer·

99 1177 194 1236 dotes
209 1176 270 1236 rite
285 1176 319 1237 in
335 1176 474 1235 ecclesia
488 1176 643 1237 ordinati:
665 1185 857 1252 potestatem

99 1276 221 1334 habent
243 1274 429 1334 celebrandi
452 1285 484 1335 et
505 1291 624 1350 corpus
641 1274 766 1336 Christi
782 1290 858 1334 con·

98 1372 261 1432 secrandi.
299 1371 460 1432 Sacerdos
482 1372 613 1448 quidem
637 1371 787 1432 minister
808 1381 857 1430 est

99 1469 179 1528 Dei:
209 1478 307 1529 utens
327 1473 428 1530 verbo
452 1469 512 1531 Dei
542 1487 601 1546 per
622 1470 803 1531 iussionem
826 1479 857 1530 et
870 1485 894 1526 ro

97 1567 339 1629 institutionem
363 1569 435 1629 Dei.
465 1570 556 1628 Deus
579 1577 686 1628 autern
710 1567 753 1627 ibi
771 1566 857 1643 prin·

10 1713 11 1722 ,
96 1665 214 1741 cipalis
237 1675 288 1726 est
308 1676 421 1726 auctor
443 1675 475 1726 et
496 1665 671 1726 invisibilis
690 1673 857 1741 operator3

96 1764 150 1824 cui
174 1763 290 1823 subest
311 1780 409 1824 omne
430 1765 517 1842 quod
539 1763 695 1824 voluerit:
717 1773 750 1824 et
767 1771 857 1839 paret

96 1877 197 1922 omne
219 1861 307 1937 quod
328 1862 471 1924 iusserit.
515 1862 594 1922 Plus
615 1878 692 1939 ergo
722 1860 856 1920 credere

97 1959 200 2019 debes
223 1959 294 2018 Deo
318 1960 532 2036 omnipotenti
555 1961 588 2020 in
610 1961 672 2020 hoc
695 1957 893 2018 excellente

96 2057 227 2117 tissimo
243 2066 461 2117 sacramento:
483 2074 579 2134 quarn
595 2057 726 2133 proprio
742 2055 855 2116 sensui

98 2165 152 2216 aut
181 2155 278 2215 alicui
308 2155 401 2232 signo
430 2155 561 2215 visibili.
609 2155 752 2230 ideoque
781 2170 854 2212 cum

97 2253 217 2312 timore
245 2262 278 2313 et
305 2253 504 2312 reverentia:
536 2253 575 2312 ad
604 2253 666 2313 hoc
694 2269 777 2328 opus
805 2260 856 2310 est

98 2351 331 2411 accedendum.
360 2349 502 2410 Attende
520 2349 595 2410 tibi:
618 2360 650 2410 et
670 2349 746 2410 vide
761 2348 855 2408 cuius

98 2447 319 2508 ministerium
340 2447 396 2507 tibi
417 2447 569 2507 traditum
585 2457 635 2508 est
650 2464 709 2523 per
723 2445 855 2522 imposi-
865 2460 892 2501 ao

97 2545 220 2604 tionem
253 2560 369 2604 manus
397 2539 553 2621 epis'copi.
596 2545 680 2605 Ecce
702 2543 855 2604 sacerdos

98 2642 203 2704 lactus
219 2658 273 2702 es:
289 2651 320 2702 et
335 2642 373 2702 ad
390 2642 620 2702 celebrandum
634 2650 854 2702 consecratus.

97 2741 180 2801 Vide
209 2756 298 2801 nunc
320 2749 355 2798 ut
377 2738 516 2800 fideliter
544 2749 576 2800 et
600 2740 717 2800 devote
738 2738 771 2798 in
794 2755 855 2797 suo

97 2849 245 2914 tempore
271 2837 341 2896 Deo
370 2836 566 2896 sacrificium
596 2836 733 2898 offeras:
763 2845 794 2896 et
823 2845 854 2896 te

96 2935 203 3011 ipsum
228 2933 551 3010 irreprehensibilem
575 2933 739 2994 exhibeas.
779 2933 891 2993 Nonas

95 3030 256 3093 alleviasti
279 3047 363 3090 onus
381 3039 490 3107 tuum;
512 3031 570 3091 sed
592 3031 702 3091 artiori
726 3031 788 3090 iam
811 3030 854 3091 al·

96 3130 213 3206 ligatus
229 3145 266 3188 es
281 3127 413 3188 vinculo
429 3128 636 3204 disciplinae:
655 3138 686 3188 et
701 3129 739 3188 ad
756 3128 854 3188 maio-

96 3242 164 3285 rem
180 3225 306 3286 teneris
320 3224 556 3304 perlectionem
572 3227 762 3287 sanctitatis,
799 3226 854 3287 Sa-

97 3325 212 3385 cerdos
249 3323 402 3385 omnibus
436 3324 612 3386 virtutibus
647 3325 743 3385 debet
778 3340 853 3384 esse

97 3430 246 3481 omatus:
276 3430 308 3480 et
329 3421 402 3482 aliis
422 3422 527 3483 bonae
555 3424 641 3483 vitae
668 3423 890 3498 exemplumao

98 3519 263 3593 praebere.
285 3518 363 3578 Eius
374 3521 578 3581 conversatio
590 3537 655 3580 non
667 3537 740 3580 cum
752 3536 852 3595 popu·

457 3623 495 3665 rm
