2178 4186
120 1291 257 1344 INCIPIT
276 1290 399 1340 BREVIS
417 1289 623 1341 ADMONITIO
640 1292 855 1345 SPIRITVALIS

397 1369 579 1420 EXERCITII.

450 1553 528 1562 ——a

108 1686 179 1892 &p
244 1713 333 1823 ,pii
361 1712 578 1773 exterioribus
607 1714 798 1789 pervenitur
826 1716 865 1777 ad

325 1809 497 1887 interiora3
527 1811 566 1871 ab
591 1811 803 1874 inferioribus
825 1814 865 1875 ad

326 1906 511 1985 superiora:
540 1926 558 1967 a
580 1909 803 1985 corporalibus
825 1910 887 1971 ads

165 1988 183 2011 ⁸
213 1984 230 2015 ²
326 2003 515 2082 spiritualia.
556 2007 713 2067 Paulatim
737 2007 864 2084 proiicit

102 2105 223 2165 homo:
246 2113 278 2164 et
299 2104 362 2163 hoc
377 2120 437 2180 per
455 2103 615 2164 cotidiana
630 2105 794 2165 exercitia.
827 2105 865 2168 Et

103 2201 185 2262 licet
205 2200 310 2276 primo
333 2201 435 2261 multa
458 2201 524 2261 sim
544 2201 670 2278 gravia:
699 2203 863 2264 tamenin

103 2297 379 2360 consuetudinem
391 2299 496 2375 ducta,
512 2299 593 2360 liunt
603 2300 688 2360 levia
701 2309 732 2361 et
743 2299 863 2376 sapida.

102 2395 182 2457 Tria
196 2406 272 2457 sunt
287 2397 374 2457 omni
391 2396 544 2474 religioso
567 2398 769 2459 necessaria:
791 2399 863 2459 sine
875 2417 898 2457 ro

103 2493 227 2572 quibus
248 2511 314 2554 non
336 2503 444 2570 potest
458 2494 514 2555 diu
537 2505 623 2555 stare
641 2494 674 2554 in
690 2497 774 2556 bona
788 2495 863 2557 vita.

104 2592 199 2653 Haec
215 2601 292 2652 sunt
306 2589 408 2652 oratio
424 2591 531 2667 lectio,
554 2593 709 2668 operatio.
739 2593 775 2654 ln
790 2593 863 2654 istis

104 2688 196 2749 omni
219 2687 271 2748 die
293 2705 329 2748 se
352 2705 507 2749 exercere
531 2690 643 2751 debet:
673 2700 704 2752 et
733 2708 864 2768 semper

104 2787 140 2847 in
163 2786 271 2863 aliquo
292 2787 410 2846 horum
433 2786 595 2862 occupari.

329 2998 385 3060 DE
408 2998 644 3061 ORATIONE.
873 3022 899 3065 15

159 3154 190 3235 ῤ’
232 3152 312 3213 ratio
324 3151 495 3227 illuminat,
506 3151 608 3212 oratio
619 3151 862 3229 purgat30ratio

117 3288 129 3305 a
161 3230 197 3306 τί
209 3272 219 3287 11
252 3249 449 3324 consolatur,
464 3248 566 3308 oratio
577 3249 744 3310 laetificat:
760 3249 862 3310 oratio

105 3347 258 3423 impetrat
273 3346 429 3423 favorem,
446 3346 548 3407 oratio
563 3346 693 3408 alleviat
708 3347 863 3423 laborem,

107 3446 209 3506 oratio
231 3446 334 3506 nutrit
355 3445 581 3522 devotionem3
605 3444 707 3506 oratio
729 3446 863 3520 praebet

106 3542 269 3618 fiduciam,
290 3542 392 3604 oratio
413 3543 545 3619 expellit
559 3542 737 3619 pigritiam:
759 3541 898 3602 oratiozo

463 3646 501 3690 421
