2142 4194
294 680 323 729 X.
343 681 382 729 De
399 682 550 731 mortificata
567 683 620 732 vita
639 717 928 730 ........
958 624 1026 731 &83
1057 639 1058 670 ³

279 785 321 834 Xl.
341 787 380 836 De
397 789 466 837 bona
483 789 591 850 pacifica
607 789 661 838 vita
680 823 929 836 .......
963 788 1026 837 393

266 889 322 939 Xll.
341 891 381 940 De
397 893 543 943 elevatione
560 894 654 942 mentis
679 927 928 940 .......
962 893 1024 943 397

374 990 408 1033 De
422 991 545 1034 elevatione
560 993 640 1034 mentis
655 991 683 1034 ad
694 991 852 1044 inquirendum
868 1003 929 1032 sum·

400 1075 461 1104 mum
477 1064 560 1104 bonum
575 1076 598 1117 p.
613 1063 661 1104 399.

374 1140 407 1183 De
422 1142 490 1183 verbo
505 1143 602 1184 increato
621 1150 710 1184 aeterno
728 1150 749 1184 et
764 1143 875 1184 immenso
892 1153 929 1183 su·

400 1225 440 1266 per
453 1226 532 1257 omnes
547 1214 652 1256 docentes
670 1215 768 1256 animam
788 1213 929 1254 illuminante

401 1295 423 1336 p.
439 1283 487 1325 403.

365 1362 408 1404 ,De
427 1363 536 1404 aestuanti
556 1363 669 1405 desiderio
688 1364 774 1404 animae
793 1374 844 1404 cum
864 1359 932 1405 luerit

401 1435 490 1475 visitata
503 1432 598 1475 aVerbo
613 1435 680 1476 unico
694 1446 781 1487 sponso
793 1446 836 1475 suo
851 1433 932 1475 dilecto

401 1516 423 1557 p.
438 1505 486 1547 408.

375 1582 454 1627 Oratio
469 1584 496 1627 de
510 1585 702 1628 abrenuntiatione
721 1587 821 1628 omnium
840 1584 932 1626 munda-

401 1668 481 1698 norum
497 1669 519 1710 p.
534 1657 581 1699 409.

434 477 593 531 Argumentum
609 477 677 521 huius
693 478 824 521 voluminis.

375 1733 454 1778 Oratio
472 1736 499 1778 de
519 1735 579 1778 felici
593 1737 786 1779 consummatione
805 1737 827 1777 in
845 1736 932 1777 virtuti-

402 1807 444 1848 bus
459 1818 482 1859 p.
497 1807 544 1849 ⁴ill.

376 1884 503 1928 Exhortatio
513 1886 541 1928 ad
551 1886 729 1928 humiliationem
744 1893 766 1927 et
780 1885 932 1938 compunctio·

402 1968 452 1998 nem
468 1968 489 2009 p.
505 1957 554 1998 413.

375 2033 454 2077 Oratio
470 2035 496 2077 de
511 2035 630 2078 lacrimosa
643 2037 775 2077 contritione
790 2042 930 2088 peccatorum

402 2118 425 2159 p.
440 2106 487 2148 414.

376 2183 455 2227 Oratio
470 2186 497 2228 de
511 2197 587 2228 amore
601 2187 709 2228 virtutum
724 2192 746 2226 et
759 2185 812 2227 odio
826 2186 932 2227 vitiorum

403 2268 425 2309 p.
440 2257 487 2299 ⁴15.

376 2334 463 2378 Oratio.
473 2335 507 2377 De
512 2337 645 2388 patientialn
653 2335 795 2377 tribulatione
803 2343 824 2376 et
831 2337 934 2388 angustia

403 2407 477 2449 cordis
493 2419 516 2460 p.
531 2406 578 2450 ⁴17.

256 2511 324 2560 Xlll.
344 2511 435 2560 Rrevis
453 2513 595 2561 admonitio
613 2512 757 2574 spiritualis
773 2511 888 2560 exercitii
926 2547 932 2559 .
967 2514 1026 2566 419

377 2609 528 2652 Prasmonitio
543 2623 565 2663 p.
581 2610 628 2652 421.

379 2689 411 2731 De
426 2691 525 2733 oratione
539 2701 562 2742 p.
577 2689 624 2731 421.

379 2769 412 2811 De
427 2769 520 2812 lectione
535 2781 557 2822 p.
573 2769 621 2811 422,

379 2848 413 2891 De
428 2851 556 2902 operatione
571 2861 593 2902 p.
609 2848 656 2891 422.

363 2928 412 2977 ‚Dc
426 2929 495 2971 choro
509 2941 531 2982 p.
547 2929 594 2970 42³.

379 3006 412 3049 Oe
427 3007 512 3060 vigiliis
528 3008 643 3049 matutinis
659 3019 681 3060 p.
696 3005 743 3048 424.

379 3086 413 3128 De
428 3087 571 3129 meditatione
586 3095 637 3139 post
652 3087 773 3127 matutinas
789 3098 810 3139 p.
826 3084 874 3126 425.

379 3166 412 3207 Dc
427 3167 529 3208 custodia
543 3166 611 3208 cellae
625 3178 647 3219 p.
663 3165 711 3207 425.

380 3245 413 3287 De
427 3247 486 3288 exitu
501 3246 529 3288 ad
544 3246 641 3288 laborem
657 3257 679 3298 p.
694 3245 741 3287 426.

380 3325 413 3367 De
423 3326 562 3368 oboedientia
573 3334 593 3368 et
603 3325 683 3366 humill
695 3325 843 3377 responsione
854 3335 876 3376 p.
886 3324 934 3365 427.

379 3405 412 3446 Ad
427 3406 481 3458 quid
496 3407 571 3448 omnia
586 3407 689 3448 exercitia
704 3417 726 3458 p.
742 3403 789 3446 427.

380 3485 414 3527 De
424 3485 510 3538 relugio
520 3485 548 3527 ad
560 3484 633 3527 Deum
643 3496 733 3537 semper
743 3483 843 3525 habendo
854 3495 876 3536 p.
886 3483 935 3526 428.

381 3566 413 3607 De
429 3564 571 3607 meditatione
586 3565 701 3617 passionis
718 3562 805 3606 Christi
820 3575 842 3616 p.
858 3561 905 3605 429.

604 3643 667 3685 lillll
