2156 4168
359 480 476 523 Adnotctio
490 483 574 522 critice.

84 613 174 688 quod
194 614 264 673 sine
281 629 319 673 co
335 613 418 672 nihil
431 613 508 672 boni
518 614 639 687 poteris
654 615 765 690 facere
786 619 846 673 oui

84 694 209 753 dicere:
230 694 305 754 &si
321 693 400 769 quid
407 693 524 770 feceris
538 698 598 753 aut
611 694 737 765 dixeris,
760 710 844 771 quae

84 774 120 833 in
143 774 231 834 ᾹΝ2
253 775 381 835 desunt.

126 873 197 945 344,
217 887 244 928 aa
265 877 308 941 cll
322 871 394 946 (pro
416 871 458 946 et)
479 871 516 930 Α.

127 969 196 1043 378,
211 984 224 1024 a
239 968 401 1028 imitatus:
411 969 511 1028 Eser.
528 969 681 1030 Litteram
689 972 845 1047 grandem

85 1065 125 1108 ac
147 1048 238 1109 minii
261 1049 393 1125 quidem
416 1049 535 1109 lineola
550 1059 691 1111 notatam
713 1051 789 1111 alibi
811 1051 845 1110 in

84 1128 112 1188 Α
137 1140 210 1205 post
231 1130 326 1189 colon
348 1146 522 1190 occurrere
544 1133 609 1190 non
632 1132 777 1193 memini.

127 1229 197 1301 380,
210 1243 235 1284 31
252 1226 332 1286 dco⁷
349 1226 453 1310 lugent
468 1227 504 1286 Α.
537 1227 584 1287 Ex
595 1225 645 1288 Ga
656 1245 714 1305 per
724 1229 845 1304 epistu-

84 1306 151 1366 lam
163 1316 380 1382 percontatus,
396 1318 566 1383 putaretne
577 1308 702 1368 duabus
715 1309 845 1370 lineolis

84 1387 245 1446 vocabula
263 1388 509 1448 transmutanda
524 1405 599 1448 esse
614 1389 761 1464 indicari,
782 1391 844 1450 hoc

85 1483 283 1542 responsum
305 1467 380 1528 tuli:
402 1468 545 1542 ‘Dubito,
571 1485 692 1545 anceps
714 1471 845 1545 haereo,

85 1547 164 1624 quia
185 1547 219 1607 in
241 1565 319 1607 casu
341 1549 403 1608 hoc
432 1548 562 1625 signum
591 1549 642 1609 bis
671 1551 844 1610 scribitur.’

86 1627 186 1704 Quod
207 1644 404 1705 quamquam
422 1629 625 1706 plerumque,
647 1639 756 1690 tamen
779 1648 844 1691 non

85 1708 161 1768 sine
176 1709 368 1784 exceptione
384 1709 428 1784 fit,
443 1709 543 1769 veluti
558 1713 629 1784 298,
653 1727 678 1768 ra
692 1728 749 1786 pro
766 1713 845 1787 “per-

86 1805 184 1848 mane
197 1790 304 1849 solus¹
318 1789 364 1849 Re
371 1790 419 1848 Nl
435 1788 660 1850 TT2PrNorS
676 1792 764 1851 solus
775 1808 845 1867 per·

86 1885 184 1928 mone
204 1870 333 1930 habent.
364 1869 461 1946 Quod
483 1870 510 1929 si
534 1870 636 1931 nihilo
659 1871 762 1931 setius
779 1872 845 1932 Deo

86 1949 219 2008 liberius
239 1949 374 2025 scripsi,
402 1950 464 2010 hoc
488 1949 550 2010 ieci
573 1962 707 2012 secutus
734 1952 845 2013 lectio-

85 2046 175 2105 nem,
197 2047 280 2107 qnae
303 2030 336 2090 in
357 2030 406 2089 Nl
418 2031 480 2090 Asc
502 2041 561 2090 est.

126 2120 475 2203 392,1inAestcuct'all
488 2127 768 2203 ”espencaeum
782 2129 844 2189 Pro

84 2200 180 2268 ericio
195 2208 320 2268 duabus
336 2209 376 2268 de
392 2209 501 2268 causis
519 2209 670 2269 existimo
685 2208 844 2269 Thomam

84 2287 232 2348 scribere
253 2289 416 2363 voluisse,
445 2289 477 2348 id
499 2290 586 2366 quod
616 2305 633 2348 e
656 2289 845 2350 coniectura

84 2367 119 2428 in
137 2378 323 2429 contextum
340 2369 465 2444 recepi:
488 2374 604 2429 cuncta
619 2374 763 2429 terrena:
781 2371 844 2447 pri·

84 2465 176 2508 mum
200 2450 286 2525 quod
308 2459 464 2526 punctum
480 2466 627 2509 crassum
650 2450 844 2527 saepissime

84 2546 146 2605 pro
160 2545 196 2589 er
207 2529 479 2606 superscribitur3
501 2529 630 2605 deinde,
647 2531 733 2607 quod
749 2542 845 2607 caput

85 2619 155 2684 est,
183 2611 269 2686 quod
290 2613 346 2685 60,
367 2627 394 2668 ao
415 2610 510 2686 plane
533 2611 646 2670 eadem
676 2611 844 2687 leguntur:

84 2695 204 2750 cuncta
224 2694 349 2750 terreno
363 2694 440 2749 suni
453 2690 649 2765 aspicienda.
680 2696 715 2750 ia
731 2692 845 2752 simili·

83 2769 199 2830 tudine
215 2770 359 2848 syllabae
374 2770 554 2846 sequentis,
572 2788 615 2831 no
631 2770 844 2832 similitudine

84 2850 194 2910 exitus
209 2851 405 2911 intercidere
422 2851 516 2911 iacile
534 2851 646 2927 potuit.
686 2851 843 2913 Thomam

84 2941 194 2991 autem
217 2932 298 2991 haec
320 2931 517 2992 scribentem
547 2932 656 2992 animo
681 2949 843 3008 suspenso

84 3021 117 3071 et
140 3022 297 3088 occupato
320 3012 424 3072 luisse
453 3012 588 3071 indicari
617 3012 746 3072 videtur
774 3013 844 3090 ipsa

83 3092 295 3168 sequentium
315 3093 548 3153 vocabulorum
564 3092 843 3154 transmutatione.

86 3245 248 3253 ——·--—-—-.

84 3326 142 3367 nihil
157 3327 246 3379 attinet,
267 3328 310 3368 nisi
327 3328 386 3381 quod
401 3329 453 3381 336,
469 3349 478 3376 r
493 3331 550 3371 inter
564 3342 649 3382 semper
664 3336 685 3371 et
699 3329 743 3371 Nec
757 3331 845 3372 circiter

84 3380 263 3432 quattuordecim
278 3393 360 3422 versus
378 3383 576 3435 interpolaverunt.

126 3449 135 3477 ¹
150 3447 200 3491 ctr.
216 3461 286 3502 supra
301 3462 324 3504 p.
340 3452 388 3493 453.

84 3573 111 3614 de
125 3518 259 3616 'dffipganp
269 3522 310 3562 453
325 3524 389 3575 prius
400 3522 533 3566 llneolarum
544 3535 585 3577 pur
596 3532 647 3566 ante
656 3524 796 3577 aspicienda*
807 3525 844 3566 ad·

113 3586 126 3614 n
236 3602 242 3616 .

122 3651 273 3696 ThomaeaK.
285 3651 369 3706 Opera.
382 3653 411 3696 ll.
446 3655 487 3696 497
710 3657 738 3698 32
