2146 4194
95 455 382 508 &emmelos
424 454 538 496 1114142
578 453 859 508 mmmm

99 587 190 648 ficari
209 597 242 647 et
263 587 416 647 stabiliri:
439 605 500 648 nec
516 587 727 664 spiritualiter
741 587 859 648 illumi-

98 685 170 744 nari
195 701 304 761 neque
325 685 421 761 plene
443 685 500 746 tibi
523 685 619 746 uniri.

134 879 263 957 QVOD
288 879 375 941 ΡΑΧ
399 880 493 943 NON
518 880 594 942 EST
617 880 831 944 PONENDA

317 979 362 1039 IN
386 978 650 1041 HOMINIBVS.

333 1137 538 1186 CAPITVLVN
557 1137 635 1186 XLII.
884 1149 898 1189 5

7 1269 9 1294 '
101 1215 266 1432 ffilli.
296 1273 329 1334 Si
352 1273 448 1350 ponis
462 1290 575 1350 pacem
598 1284 685 1334 tuam
709 1290 782 1334 cum
806 1273 861 1332 ali·

237 1389 301 1448 qua
322 1388 463 1447 persona
483 1381 615 1448 propter
630 1380 720 1432 tuum
739 1371 862 1431 sentire

100 1478 135 1528 et
151 1467 345 1529 convivere:
364 1469 524 1529 instabilis
539 1469 606 1529 eris
621 1477 653 1529 et
667 1468 861 1545 implicatus.

101 1565 171 1626 Sed
193 1565 220 1625 si
244 1582 414 1627 recursum
430 1566 532 1626 habes
549 1566 589 1626 ad
605 1582 737 1642 semper
750 1565 862 1625 viven-

101 1673 171 1723 tem
201 1671 233 1723 et
261 1673 446 1725 manentem
476 1663 664 1725 veritatem:
692 1681 758 1724 non
787 1676 899 1723 con-ro

101 1760 246 1821 tristabit
275 1761 401 1821 amicus
432 1761 592 1821 recedens
623 1770 677 1821 aut
708 1761 862 1822 moriens.

103 1860 141 1920 In
154 1875 209 1918 me
221 1858 316 1919 debet
327 1859 421 1919 amici
434 1859 565 1920 dilectio
576 1868 679 1935 stare;
690 1867 722 1919 et
732 1868 864 1936 propter

102 1974 160 2017 me
191 1955 377 2032 diligendus
408 1967 458 2018 est
488 1956 639 2034 quiSquis
669 1955 726 2016 tibi
757 1957 864 2016 bonus

101 2055 200 2115 visus
222 2062 288 2114 est:
316 2064 349 2114 et
369 2054 507 2115 multum
530 2070 625 2114 carus
651 2053 684 2112 in
707 2054 767 2113 hac
788 2053 863 2113 vita.

103 2153 188 2214 Sine
210 2168 350 2212 menon
372 2151 458 2211 valet
480 2168 541 2210 nec
557 2150 685 2211 durabit
706 2149 900 2225 amicitia315

103 2267 169 2311 nec
199 2258 249 2310 est
277 2267 355 2309 vera
383 2258 414 2309 et
443 2249 564 2309 munda
592 2247 739 2308 dilectio:
767 2264 863 2324 quam

104 2365 168 2425 ego
191 2363 257 2406 non
279 2346 406 2422 copulo.
436 2346 482 2406 Ita
497 2355 645 2406 mortuus
666 2345 767 2405 debes
790 2361 865 2404 esse

104 2442 666 2505 talibusallectionibusdilectomm
678 2440 864 2502 hominum:

105 2553 141 2603 ut
173 2550 331 2618 quantum
363 2541 402 2600 ad
433 2549 464 2600 te
495 2541 636 2617 pertinet
668 2539 741 2599 sine
776 2539 864 2599 omni

106 2642 252 2700 humano
281 2646 411 2714 optares
439 2654 515 2697 esse
543 2637 717 2696 consortio.
764 2635 902 2698 Tantoao

106 2740 208 2799 homo
233 2737 304 2796 Deo
334 2735 436 2812 magis
465 2734 716 2811 appropinquat:
745 2743 865 2811 quanto

107 2837 146 2896 ab
169 2833 260 2895 omni
283 2833 404 2894 solacio
429 2841 560 2893 terreno
583 2831 712 2908 longius
734 2831 865 2892 recedit.

108 2933 212 2994 Tanto
241 2931 337 2992 etiam
369 2930 466 2990 altius
496 2929 536 2990 ad
566 2930 672 2990 Deum
704 2929 866 2989 ascendit:

109 3039 230 3108 quanto
246 3027 440 3105 profundius
462 3026 495 3086 in
511 3044 547 3087 se
563 3026 732 3087 descendit
747 3036 779 3087 et
793 3026 867 3103 plus

111 3127 171 3188 sibi
195 3126 257 3204 ipsi
280 3125 419 3185 vilescit.
448 3123 514 3201 Qui
530 3136 638 3185 autem
661 3123 722 3184 sibi
745 3123 903 3201 aliquidzs

111 3225 185 3286 boni
209 3222 370 3299 attribuit;
397 3223 532 3299 gratiam
556 3223 616 3282 Dei
639 3222 673 3282 in
694 3239 732 3281 se
753 3221 867 3282 venire

113 3321 263 3400 impedit:
291 3320 368 3397 quia
390 3319 492 3397 gratia
514 3319 655 3396 Spiritus
679 3320 781 3380 sancti
812 3337 868 3380 cor

114 3420 236 3481 humile
258 3435 390 3495 semper
411 3417 547 3495 quaerit.
576 3418 610 3479 Si
627 3417 731 3478 scires
750 3426 781 3478 te
796 3433 868 3494 per·

117 3516 197 3577 lecte
228 3515 408 3577 adnihilare
439 3524 536 3592 atque
568 3516 607 3576 ab
639 3515 727 3576 omni
759 3523 867 3576 creato

470 3619 511 3662 219
