2160 4194
96 445 859 498 mmmmmttrasutenaaasataso

98 587 168 638 tarn
191 596 306 654 parunt
328 596 364 639 se
386 579 565 640 emendat?
604 578 787 639 invocanda
808 587 859 638 est

99 693 181 753 ergo
198 675 303 735 illaria
317 676 356 734 ab
375 675 527 736 omnibus
543 674 668 736 Christi
692 673 858 734 fidelibus:

99 791 120 832 a
150 772 247 832 iustis
277 783 308 833 et
336 791 354 832 a
382 771 608 849 peccatoribus
632 783 664 834 et
685 772 859 849 praecipue

99 888 120 929 a
143 869 309 947 religiosis
331 881 362 931 et
376 869 504 931 devotis
519 870 687 947 personis3
708 869 764 947 qui
784 886 860 930 con-

99 968 262 1029 tinentiae
278 967 480 1044 propositum
496 977 619 1043 tenent,
633 976 665 1028 et
676 985 734 1044 per
748 978 882 1049 sanctas¹

100 1066 269 1127 desideria
290 1067 329 1126 ad
351 1065 506 1134 caelestia
526 1066 696 1126 anhelant:
725 1075 756 1125 et
778 1064 859 1126 nihil

100 1181 181 1224 curn
211 1163 331 1223 mundo
360 1163 481 1224 habere
510 1180 606 1240 agere
630 1162 753 1221 volunt.
795 1160 860 1222 Sed

100 1261 185 1338 quid
216 1260 391 1336 petendum
422 1261 498 1321 est?
541 1261 686 1320 Primum
711 1269 785 1336 pete
813 1259 861 1319 in·

100 1357 305 1434 dulgentiam
327 1369 534 1434 peccatorum
566 1369 714 1433 tuorum3
742 1357 860 1418 deinde

101 1455 326 1519 continentiae
357 1456 510 1517 virtutem
541 1466 637 1534 atque
669 1455 861 1516 humilitatis
872 1474 897 1514 ιο

101 1557 229 1616 donum
246 1555 316 1614 Deo
333 1554 571 1631 gratissimum:
594 1564 629 1614 ut
650 1570 782 1629 semper
803 1552 861 1611 hu·

102 1652 197 1714 milis
225 1651 257 1711 in
280 1662 458 1727 conspectu
482 1652 543 1711 Dei
573 1650 752 1712 inveniaris
773 1649 862 1710 vilis·

102 1767 174 1828 que
195 1759 226 1809 et
247 1749 392 1810 abiectus
414 1750 583 1810 desideres
614 1747 773 1825 reputari3
801 1764 862 1808 nec

103 1847 147 1907 de
172 1846 278 1922 aliquo
300 1846 385 1906 bono
407 1845 491 1906 velis
512 1846 660 1923 gloriari:
681 1862 723 1906 ne
746 1845 862 1921 perdas

103 1955 211 2007 toturn
240 1944 326 2020 quod
349 1942 471 2003 videris
497 1944 627 2003 habere.
671 1943 754 2003 Dole
776 1943 862 2018 quod
874 1963 899 2004 15

104 2053 174 2103 tarn
197 2041 291 2117 longe
313 2057 350 2100 es
371 2041 477 2101 adhuc
496 2041 616 2101 averis
632 2040 823 2116 virtutibus3
845 2058 863 2100 a

103 2138 269 2218 profunda
284 2131 475 2214 humilitate,
498 2156 516 2198 a
537 2148 650 2198 sancta
664 2148 863 2215 paupertate,

103 2255 123 2297 a
145 2235 291 2312 perlecta
310 2236 525 2312 oboedientia,
546 2236 755 2312 apurissima
769 2236 863 2296 casti·

103 2345 185 2408 tate,
206 2351 224 2392 a
245 2333 457 2394 devotissima
472 2334 629 2410 oratione,
650 2352 669 2393 a
691 2333 862 2395 ferventis·

105 2433 194 2494 sima
228 2431 378 2492 caritate:
414 2449 497 2509 quae
532 2432 642 2494 omnia
671 2432 899 2508 plenissimeao

107 2531 243 2590 luerunt
265 2529 297 2589 in
321 2529 425 2589 illaria
447 2541 548 2590 matre
572 2531 656 2591 Iesu.
694 2531 769 2590 lde'o
792 2547 864 2607 pro·

108 2627 183 2689 cide
205 2627 243 2687 ad
265 2627 366 2704 pedes
389 2627 461 2688 eius
483 2627 568 2688 sicut
583 2645 706 2705 pauper
728 2638 759 2688 et
774 2645 864 2689 men-

108 2727 223 2800 dicus;
254 2736 290 2785 ut
319 2726 433 2785 saltem
459 2725 629 2785 minimum
658 2726 792 2803 gradum
824 2726 864 2786 de

107 2824 164 2885 his
185 2823 360 2884 virtutibus
382 2823 530 2901 optineas
551 2824 606 2902 qui
631 2824 670 2883 ad
699 2840 863 2883 summunt

107 2921 291 2982 ascendere
321 2938 388 2982 non
418 2923 509 2982 vales
540 2931 672 2999 propter
706 2920 900 2981 desidiamzs

109 3033 210 3080 tuam.
255 3019 419 3096 Quicquid
456 3019 576 3080 habere
609 3017 776 3078 desideras
807 3035 865 3093 per

108 3133 228 3177 manus
263 3116 376 3176 beatae
408 3117 533 3177 Mariae
568 3115 737 3177 humiliter
771 3132 863 3192 roga:

108 3212 187 3290 quia
208 3229 266 3287 per
288 3212 360 3272 eius
386 3213 528 3290 gloriosa
550 3213 682 3290 merita,
713 3213 865 3274 iuvantur

110 3309 166 3387 qui
183 3309 215 3370 in
231 3310 416 3386 purgatorio
432 3321 508 3371 sunt
522 3320 555 3370 et
570 3311 603 3371 in
621 3321 716 3372 terra.
746 3312 865 3389 Magna

109 3407 212 3485 gratia
234 3424 349 3484 magna
369 3408 471 3485 gloria
493 3407 565 3468 eius
593 3408 626 3468 in
649 3409 780 3469 salutari
804 3426 901 3470 suoao

112 3505 198 3581 lesu,
220 3522 321 3583 super
335 3523 450 3566 omnes
472 3516 604 3566 sanctos
626 3506 783 3567 incaelo:
806 3507 864 3567 sed

467 3611 509 3653 ars
