<?xml version="1.0" encoding="UTF-8"?>
<!DOCTYPE html PUBLIC "-//W3C//DTD XHTML 1.0 Transitional//EN"
    "http://www.w3.org/TR/xhtml1/DTD/xhtml1-transitional.dtd">
<html xmlns="http://www.w3.org/1999/xhtml" xml:lang="en" lang="en">
 <head>
  <title>
</title>
<meta http-equiv="Content-Type" content="text/html;charset=utf-8" />
  <meta name='ocr-system' content='tesseract 3.04.00' />
  <meta name='ocr-capabilities' content='ocr_page ocr_carea ocr_par ocr_line ocrx_word'/>
</head>
<body>
  <div class='ocr_page' id='page_1' title='image "./thomaehemerkena03pohlgoog_0036.png"; bbox 0 0 2142 4194; ppageno 0'>
   <div class='ocr_carea' id='block_1_1' title="bbox 92 445 847 500">
    <p class='ocr_par' dir='ltr' id='par_1_1' title="bbox 92 436 847 500">
     <span class='ocr_line' id='line_1_1' title="bbox 92 445 847 500; baseline 0.004 -3"><span class='ocrx_word' id='word_1_1' title='bbox 92 445 370 498; x_wconf 48' lang='lat' dir='ltr'><strong>ssffiffiw</strong></span> <span class='ocrx_word' id='word_1_2' title='bbox 437 446 500 488; x_wconf 84' lang='lat'><strong>13⁴</strong></span> <span class='ocrx_word' id='word_1_3' title='bbox 565 447 847 500; x_wconf 49' lang='lat' dir='ltr'><strong>mmm</strong></span> 
     </span>
    </p>
   </div>
   <div class='ocr_carea' id='block_1_2' title="bbox 93 578 871 1243">
    <p class='ocr_par' dir='ltr' id='par_1_2' title="bbox 93 578 871 1243">
     <span class='ocr_line' id='line_1_2' title="bbox 93 578 846 658; baseline 0.005 -20"><span class='ocrx_word' id='word_1_4' title='bbox 93 579 131 638; x_wconf 90' lang='lat' dir='ltr'><strong>de</strong></span> <span class='ocrx_word' id='word_1_5' title='bbox 159 578 208 639; x_wconf 92' lang='lat' dir='ltr'><strong>eis</strong></span> <span class='ocrx_word' id='word_1_6' title='bbox 237 579 426 655; x_wconf 81' lang='lat' dir='ltr'><strong>recogitant.</strong></span> <span class='ocrx_word' id='word_1_7' title='bbox 477 580 512 640; x_wconf 91' lang='lat' dir='ltr'><strong>ln</strong></span> <span class='ocrx_word' id='word_1_8' title='bbox 542 580 607 640; x_wconf 86' lang='lat' dir='ltr'><strong>vita</strong></span> <span class='ocrx_word' id='word_1_9' title='bbox 637 597 697 640; x_wconf 85' lang='lat' dir='ltr'><strong>sua</strong></span> <span class='ocrx_word' id='word_1_10' title='bbox 724 581 846 658; x_wconf 86' lang='lat' dir='ltr'><strong>aliquid</strong></span> 
     </span>
     <span class='ocr_line' id='line_1_3' title="bbox 94 676 847 740; baseline 0.007 -5"><span class='ocrx_word' id='word_1_11' title='bbox 94 693 165 736; x_wconf 88' lang='lat' dir='ltr'><strong>esse</strong></span> <span class='ocrx_word' id='word_1_12' title='bbox 182 676 394 737; x_wconf 88' lang='lat' dir='ltr'><strong>videbantur:</strong></span> <span class='ocrx_word' id='word_1_13' title='bbox 416 687 449 738; x_wconf 89' lang='lat' dir='ltr'><strong>et</strong></span> <span class='ocrx_word' id='word_1_14' title='bbox 464 679 561 738; x_wconf 90' lang='lat' dir='ltr'><strong>modo</strong></span> <span class='ocrx_word' id='word_1_15' title='bbox 576 678 616 738; x_wconf 88' lang='lat' dir='ltr'><strong>de</strong></span> <span class='ocrx_word' id='word_1_16' title='bbox 632 678 698 738; x_wconf 89' lang='lat' dir='ltr'><strong>illis</strong></span> <span class='ocrx_word' id='word_1_17' title='bbox 713 689 847 740; x_wconf 86' lang='lat' dir='ltr'><strong>tacetur.</strong></span> 
     </span>
     <span class='ocr_line' id='line_1_4' title="bbox 94 773 848 851; baseline 0.004 -17"><span class='ocrx_word' id='word_1_18' title='bbox 94 773 239 850; x_wconf 87' lang='lat' dir='ltr'><strong>Oquam</strong></span> <span class='ocrx_word' id='word_1_19' title='bbox 264 773 328 833; x_wconf 90' lang='lat' dir='ltr'><strong>cito</strong></span> <span class='ocrx_word' id='word_1_20' title='bbox 351 774 466 835; x_wconf 88' lang='lat' dir='ltr'><strong>transit</strong></span> <span class='ocrx_word' id='word_1_21' title='bbox 489 776 593 851; x_wconf 88' lang='lat' dir='ltr'><strong>gloria</strong></span> <span class='ocrx_word' id='word_1_22' title='bbox 613 777 736 836; x_wconf 89' lang='lat' dir='ltr'><strong>mundi.</strong></span> <span class='ocrx_word' id='word_1_23' title='bbox 779 777 848 837; x_wconf 91' lang='lat' dir='ltr'><strong>Vti-</strong></span> 
     </span>
     <span class='ocr_line' id='line_1_5' title="bbox 93 872 848 950; baseline 0.004 -18"><span class='ocrx_word' id='word_1_24' title='bbox 93 890 163 932; x_wconf 83' lang='lat' dir='ltr'><strong>nam</strong></span> <span class='ocrx_word' id='word_1_25' title='bbox 185 872 253 932; x_wconf 92' lang='lat' dir='ltr'><strong>vita</strong></span> <span class='ocrx_word' id='word_1_26' title='bbox 277 889 390 932; x_wconf 92' lang='lat' dir='ltr'><strong>eorum</strong></span> <span class='ocrx_word' id='word_1_27' title='bbox 421 872 578 934; x_wconf 83' lang='lat' dir='ltr'><strong>scientiae</strong></span> <span class='ocrx_word' id='word_1_28' title='bbox 602 874 748 950; x_wconf 92' lang='lat' dir='ltr'><strong>ipsorum</strong></span> <span class='ocrx_word' id='word_1_29' title='bbox 772 892 848 934; x_wconf 88' lang='lat' dir='ltr'><strong>con-</strong></span> 
     </span>
     <span class='ocr_line' id='line_1_6' title="bbox 93 971 871 1049; baseline -0.004 -20"><span class='ocrx_word' id='word_1_30' title='bbox 93 971 274 1031; x_wconf 90' lang='lat' dir='ltr'><strong>cordasset:</strong></span> <span class='ocrx_word' id='word_1_31' title='bbox 295 980 372 1031; x_wconf 96' lang='lat' dir='ltr'><strong>tunc</strong></span> <span class='ocrx_word' id='word_1_32' title='bbox 387 971 471 1032; x_wconf 95' lang='lat' dir='ltr'><strong>bene</strong></span> <span class='ocrx_word' id='word_1_33' title='bbox 486 971 690 1032; x_wconf 90' lang='lat' dir='ltr'><strong>studuissent</strong></span> <span class='ocrx_word' id='word_1_34' title='bbox 705 981 738 1032; x_wconf 92' lang='lat' dir='ltr'><strong>et</strong></span> <span class='ocrx_word' id='word_1_35' title='bbox 752 972 871 1049; x_wconf 83' lang='lat' dir='ltr'><strong>legis-s</strong></span> 
     </span>
     <span class='ocr_line' id='line_1_7' title="bbox 94 1068 847 1146; baseline 0.003 -18"><span class='ocrx_word' id='word_1_36' title='bbox 94 1078 171 1128; x_wconf 88' lang='lat' dir='ltr'><strong>sent.</strong></span> <span class='ocrx_word' id='word_1_37' title='bbox 216 1068 326 1145; x_wconf 86' lang='lat' dir='ltr'><strong>Quam</strong></span> <span class='ocrx_word' id='word_1_38' title='bbox 356 1069 448 1130; x_wconf 94' lang='lat' dir='ltr'><strong>multi</strong></span> <span class='ocrx_word' id='word_1_39' title='bbox 478 1079 617 1146; x_wconf 89' lang='lat' dir='ltr'><strong>pereunt</strong></span> <span class='ocrx_word' id='word_1_40' title='bbox 645 1087 704 1146; x_wconf 89' lang='lat' dir='ltr'><strong>per</strong></span> <span class='ocrx_word' id='word_1_41' title='bbox 731 1087 847 1130; x_wconf 86' lang='lat' dir='ltr'><strong>vanarn</strong></span> 
     </span>
     <span class='ocr_line' id='line_1_8' title="bbox 93 1165 849 1243; baseline 0.004 -19"><span class='ocrx_word' id='word_1_42' title='bbox 93 1166 261 1226; x_wconf 89' lang='lat' dir='ltr'><strong>scientiam</strong></span> <span class='ocrx_word' id='word_1_43' title='bbox 285 1165 319 1226; x_wconf 94' lang='lat' dir='ltr'><strong>in</strong></span> <span class='ocrx_word' id='word_1_44' title='bbox 341 1168 489 1227; x_wconf 85' lang='lat' dir='ltr'><strong>saeculo:</strong></span> <span class='ocrx_word' id='word_1_45' title='bbox 519 1167 574 1243; x_wconf 91' lang='lat' dir='ltr'><strong>qui</strong></span> <span class='ocrx_word' id='word_1_46' title='bbox 596 1184 710 1243; x_wconf 87' lang='lat' dir='ltr'><strong>parum</strong></span> <span class='ocrx_word' id='word_1_47' title='bbox 735 1177 849 1228; x_wconf 93' lang='lat' dir='ltr'><strong>curant</strong></span> 
     </span>
    </p>
   </div>
   <div class='ocr_carea' id='block_1_3' title="bbox 14 1263 886 2123">
    <p class='ocr_par' dir='ltr' id='par_1_3' title="bbox 14 1263 886 2123">
     <span class='ocr_line' id='line_1_9' title="bbox 94 1263 849 1341; baseline 0.004 -18"><span class='ocrx_word' id='word_1_48' title='bbox 94 1264 130 1323; x_wconf 89' lang='lat' dir='ltr'><strong>de</strong></span> <span class='ocrx_word' id='word_1_49' title='bbox 151 1263 214 1323; x_wconf 87' lang='lat' dir='ltr'><strong>Dei</strong></span> <span class='ocrx_word' id='word_1_50' title='bbox 245 1263 391 1324; x_wconf 90' lang='lat' dir='ltr'><strong>servitio.</strong></span> <span class='ocrx_word' id='word_1_51' title='bbox 434 1264 472 1324; x_wconf 90' lang='lat' dir='ltr'><strong>Et</strong></span> <span class='ocrx_word' id='word_1_52' title='bbox 501 1264 577 1340; x_wconf 88' lang='lat' dir='ltr'><strong>quia</strong></span> <span class='ocrx_word' id='word_1_53' title='bbox 598 1265 702 1341; x_wconf 88' lang='lat' dir='ltr'><strong>magis</strong></span> <span class='ocrx_word' id='word_1_54' title='bbox 726 1265 849 1341; x_wconf 87' lang='lat' dir='ltr'><strong>eligunt</strong></span> 
     </span>
     <span class='ocr_line' id='line_1_10' title="bbox 94 1361 849 1438; baseline 0.004 -19"><span class='ocrx_word' id='word_1_55' title='bbox 94 1361 196 1438; x_wconf 87' lang='lat' dir='ltr'><strong>magni</strong></span> <span class='ocrx_word' id='word_1_56' title='bbox 230 1378 306 1422; x_wconf 89' lang='lat' dir='ltr'><strong>esse</strong></span> <span class='ocrx_word' id='word_1_57' title='bbox 338 1379 433 1438; x_wconf 83' lang='lat' dir='ltr'><strong>quam</strong></span> <span class='ocrx_word' id='word_1_58' title='bbox 470 1361 630 1422; x_wconf 86' lang='lat' dir='ltr'><strong>humiles:</strong></span> <span class='ocrx_word' id='word_1_59' title='bbox 666 1361 739 1423; x_wconf 93' lang='lat' dir='ltr'><strong>ideo</strong></span> <span class='ocrx_word' id='word_1_60' title='bbox 775 1379 849 1422; x_wconf 90' lang='lat' dir='ltr'><strong>eva-</strong></span> 
     </span>
     <span class='ocr_line' id='line_1_11' title="bbox 94 1458 885 1536; baseline -0.005 -17"><span class='ocrx_word' id='word_1_61' title='bbox 94 1469 231 1519; x_wconf 90' lang='lat' dir='ltr'><strong>nescunt</strong></span> <span class='ocrx_word' id='word_1_62' title='bbox 268 1459 302 1519; x_wconf 96' lang='lat' dir='ltr'><strong>in</strong></span> <span class='ocrx_word' id='word_1_63' title='bbox 339 1458 590 1536; x_wconf 88' lang='lat' dir='ltr'><strong>cogitationibus</strong></span> <span class='ocrx_word' id='word_1_64' title='bbox 626 1460 706 1519; x_wconf 83' lang='lat' dir='ltr'><strong>suis,</strong></span> <span class='ocrx_word' id='word_1_65' title='bbox 762 1460 849 1520; x_wconf 90' lang='lat' dir='ltr'><strong>Vere</strong></span> <span class='ocrx_word' id='word_1_66' title='bbox 861 1475 885 1516; x_wconf 86' lang='lat' dir='ltr'><strong>to</strong></span> 
     </span>
     <span class='ocr_line' id='line_1_12' title="bbox 94 1556 849 1635; baseline 0 -17"><span class='ocrx_word' id='word_1_67' title='bbox 94 1574 229 1635; x_wconf 90' lang='lat' dir='ltr'><strong>magnus</strong></span> <span class='ocrx_word' id='word_1_68' title='bbox 245 1566 309 1617; x_wconf 89' lang='lat' dir='ltr'><strong>est:</strong></span> <span class='ocrx_word' id='word_1_69' title='bbox 326 1556 381 1633; x_wconf 93' lang='lat' dir='ltr'><strong>qui</strong></span> <span class='ocrx_word' id='word_1_70' title='bbox 397 1574 546 1633; x_wconf 85' lang='lat' dir='ltr'><strong>magnam</strong></span> <span class='ocrx_word' id='word_1_71' title='bbox 562 1558 660 1618; x_wconf 91' lang='lat' dir='ltr'><strong>habet</strong></span> <span class='ocrx_word' id='word_1_72' title='bbox 672 1557 849 1618; x_wconf 85' lang='lat' dir='ltr'><strong>caritatem.</strong></span> 
     </span>
     <span class='ocr_line' id='line_1_13' title="bbox 94 1656 850 1733; baseline -0.003 -17"><span class='ocrx_word' id='word_1_73' title='bbox 94 1656 176 1716; x_wconf 90' lang='lat' dir='ltr'><strong>Vere</strong></span> <span class='ocrx_word' id='word_1_74' title='bbox 199 1672 340 1731; x_wconf 86' lang='lat' dir='ltr'><strong>magnus</strong></span> <span class='ocrx_word' id='word_1_75' title='bbox 361 1665 427 1716; x_wconf 91' lang='lat' dir='ltr'><strong>est:</strong></span> <span class='ocrx_word' id='word_1_76' title='bbox 454 1656 510 1733; x_wconf 91' lang='lat' dir='ltr'><strong>qui</strong></span> <span class='ocrx_word' id='word_1_77' title='bbox 533 1656 566 1715; x_wconf 96' lang='lat' dir='ltr'><strong>in</strong></span> <span class='ocrx_word' id='word_1_78' title='bbox 589 1672 625 1715; x_wconf 89' lang='lat' dir='ltr'><strong>se</strong></span> <span class='ocrx_word' id='word_1_79' title='bbox 648 1672 767 1731; x_wconf 86' lang='lat' dir='ltr'><strong>parvus</strong></span> <span class='ocrx_word' id='word_1_80' title='bbox 790 1664 850 1730; x_wconf 87' lang='lat' dir='ltr'><strong>est,</strong></span> 
     </span>
     <span class='ocr_line' id='line_1_14' title="bbox 93 1752 849 1829; baseline 0 -17"><span class='ocrx_word' id='word_1_81' title='bbox 93 1763 123 1813; x_wconf 88' lang='lat' dir='ltr'><strong>et</strong></span> <span class='ocrx_word' id='word_1_82' title='bbox 143 1770 202 1829; x_wconf 89' lang='lat' dir='ltr'><strong>pro</strong></span> <span class='ocrx_word' id='word_1_83' title='bbox 219 1752 324 1813; x_wconf 90' lang='lat' dir='ltr'><strong>nihilo</strong></span> <span class='ocrx_word' id='word_1_84' title='bbox 340 1770 437 1814; x_wconf 93' lang='lat' dir='ltr'><strong>omne</strong></span> <span class='ocrx_word' id='word_1_85' title='bbox 453 1754 584 1813; x_wconf 91' lang='lat' dir='ltr'><strong>culmen</strong></span> <span class='ocrx_word' id='word_1_86' title='bbox 601 1753 736 1813; x_wconf 91' lang='lat' dir='ltr'><strong>honoris</strong></span> <span class='ocrx_word' id='word_1_87' title='bbox 751 1753 849 1813; x_wconf 91' lang='lat' dir='ltr'><strong>ducit.</strong></span> 
     </span>
     <span class='ocr_line' id='line_1_15' title="bbox 14 1850 851 1927; baseline -0.001 -16"><span class='ocrx_word' id='word_1_88' title='bbox 14 1885 15 1896; x_wconf 31' lang='grc' dir='ltr'><strong>κ</strong></span> <span class='ocrx_word' id='word_1_89' title='bbox 94 1851 177 1911; x_wconf 88' lang='lat' dir='ltr'><strong>Vere</strong></span> <span class='ocrx_word' id='word_1_90' title='bbox 210 1850 356 1927; x_wconf 89' lang='lat' dir='ltr'><strong>prudens</strong></span> <span class='ocrx_word' id='word_1_91' title='bbox 387 1860 452 1911; x_wconf 89' lang='lat' dir='ltr'><strong>cst:</strong></span> <span class='ocrx_word' id='word_1_92' title='bbox 489 1851 544 1926; x_wconf 89' lang='lat' dir='ltr'><strong>qui</strong></span> <span class='ocrx_word' id='word_1_93' title='bbox 577 1851 686 1910; x_wconf 91' lang='lat' dir='ltr'><strong>omnia</strong></span> <span class='ocrx_word' id='word_1_94' title='bbox 721 1861 851 1911; x_wconf 86' lang='lat' dir='ltr'><strong>terrena</strong></span> 
     </span>
     <span class='ocr_line' id='line_1_16' title="bbox 93 1948 886 2024; baseline -0.004 -16"><span class='ocrx_word' id='word_1_95' title='bbox 93 1949 267 2008; x_wconf 86' lang='lat' dir='ltr'><strong>arbitratur</strong></span> <span class='ocrx_word' id='word_1_96' title='bbox 288 1958 324 2008; x_wconf 92' lang='lat' dir='ltr'><strong>ut</strong></span> <span class='ocrx_word' id='word_1_97' title='bbox 339 1957 493 2024; x_wconf 86' lang='lat' dir='ltr'><strong>stercora,</strong></span> <span class='ocrx_word' id='word_1_98' title='bbox 516 1959 550 2008; x_wconf 91' lang='lat' dir='ltr'><strong>ut</strong></span> <span class='ocrx_word' id='word_1_99' title='bbox 566 1948 737 2010; x_wconf 89' lang='lat' dir='ltr'><strong>Christum</strong></span> <span class='ocrx_word' id='word_1_100' title='bbox 754 1949 850 2009; x_wconf 91' lang='lat' dir='ltr'><strong>lucri·</strong></span> <span class='ocrx_word' id='word_1_101' title='bbox 861 1965 886 2005; x_wconf 84' lang='lat' dir='ltr'><strong>ts</strong></span> 
     </span>
     <span class='ocr_line' id='line_1_17' title="bbox 95 2046 848 2123; baseline 0.003 -18"><span class='ocrx_word' id='word_1_102' title='bbox 95 2046 197 2107; x_wconf 85' lang='lat' dir='ltr'><strong>faciat.</strong></span> <span class='ocrx_word' id='word_1_103' title='bbox 228 2047 268 2106; x_wconf 88' lang='lat' dir='ltr'><strong>Et</strong></span> <span class='ocrx_word' id='word_1_104' title='bbox 289 2063 368 2106; x_wconf 90' lang='lat' dir='ltr'><strong>vere</strong></span> <span class='ocrx_word' id='word_1_105' title='bbox 384 2047 467 2106; x_wconf 88' lang='lat' dir='ltr'><strong>bene</strong></span> <span class='ocrx_word' id='word_1_106' title='bbox 490 2048 605 2107; x_wconf 91' lang='lat' dir='ltr'><strong>doctus</strong></span> <span class='ocrx_word' id='word_1_107' title='bbox 627 2057 693 2107; x_wconf 87' lang='lat' dir='ltr'><strong>est:</strong></span> <span class='ocrx_word' id='word_1_108' title='bbox 715 2046 771 2123; x_wconf 90' lang='lat' dir='ltr'><strong>qui</strong></span> <span class='ocrx_word' id='word_1_109' title='bbox 788 2048 848 2107; x_wconf 89' lang='lat' dir='ltr'><strong>Dei</strong></span> 
     </span>
    </p>
   </div>
   <div class='ocr_carea' id='block_1_4' title="bbox 13 2143 850 2219">
    <p class='ocr_par' dir='ltr' id='par_1_4' title="bbox 13 2143 850 2219">
     <span class='ocr_line' id='line_1_18' title="bbox 13 2143 850 2219; baseline 0 -14"><span class='ocrx_word' id='word_1_110' title='bbox 13 2175 14 2186; x_wconf 47' lang='lat' dir='ltr'><strong>r</strong></span> <span class='ocrx_word' id='word_1_111' title='bbox 94 2146 293 2205; x_wconf 88' lang='lat' dir='ltr'><strong>voluntatem</strong></span> <span class='ocrx_word' id='word_1_112' title='bbox 311 2143 397 2219; x_wconf 85' lang='lat' dir='ltr'><strong>facit,</strong></span> <span class='ocrx_word' id='word_1_113' title='bbox 419 2153 450 2204; x_wconf 92' lang='lat' dir='ltr'><strong>et</strong></span> <span class='ocrx_word' id='word_1_114' title='bbox 470 2161 562 2204; x_wconf 91' lang='lat' dir='ltr'><strong>suam</strong></span> <span class='ocrx_word' id='word_1_115' title='bbox 578 2145 777 2205; x_wconf 88' lang='lat' dir='ltr'><strong>voluntatem</strong></span> <span class='ocrx_word' id='word_1_116' title='bbox 801 2161 850 2205; x_wconf 93' lang='lat' dir='ltr'><strong>re-</strong></span> 
     </span>
    </p>
   </div>
   <div class='ocr_carea' id='block_1_5' title="bbox 93 2242 219 2320">
    <p class='ocr_par' dir='ltr' id='par_1_5' title="bbox 93 2242 219 2320">
     <span class='ocr_line' id='line_1_19' title="bbox 93 2242 219 2320; baseline 0.024 -19"><span class='ocrx_word' id='word_1_117' title='bbox 93 2242 219 2320; x_wconf 91' lang='lat' dir='ltr'><strong>linquit.</strong></span> 
     </span>
    </p>
   </div>
   <div class='ocr_carea' id='block_1_6' title="bbox 130 2435 886 2640">
    <p class='ocr_par' dir='ltr' id='par_1_6' title="bbox 130 2435 886 2640">
     <span class='ocr_line' id='line_1_20' title="bbox 130 2435 814 2500; baseline -0.004 -1"><span class='ocrx_word' id='word_1_118' title='bbox 130 2439 187 2500; x_wconf 85' lang='lat' dir='ltr'><strong>DE</strong></span> <span class='ocrx_word' id='word_1_119' title='bbox 212 2435 515 2500; x_wconf 79' lang='lat' dir='ltr'>PROVIDENTIA</span> <span class='ocrx_word' id='word_1_120' title='bbox 539 2437 582 2496; x_wconf 86' lang='lat' dir='ltr'><strong>IN</strong></span> <span class='ocrx_word' id='word_1_121' title='bbox 607 2435 814 2498; x_wconf 80' lang='lat' dir='ltr'>AGENDIS.</span> 
     </span>
     <span class='ocr_line' id='line_1_21' title="bbox 332 2591 886 2640; baseline -0.004 0"><span class='ocrx_word' id='word_1_122' title='bbox 332 2591 538 2640; x_wconf 74' lang='lat' dir='ltr'><strong>enprrvuvn</strong></span> <span class='ocrx_word' id='word_1_123' title='bbox 557 2591 615 2640; x_wconf 89' lang='lat'><em>1111.</em></span> <span class='ocrx_word' id='word_1_124' title='bbox 859 2598 886 2638; x_wconf 69' lang='grc' dir='ltr'>ω</span> 
     </span>
    </p>
   </div>
   <div class='ocr_carea' id='block_1_7' title="bbox 93 2673 851 3098">
    <p class='ocr_par' dir='ltr' id='par_1_7' title="bbox 93 2673 851 3098">
     <span class='ocr_line' id='line_1_22' title="bbox 93 2673 849 2891; baseline -0.005 -99"><span class='ocrx_word' id='word_1_125' title='bbox 93 2673 258 2891; x_wconf 32' lang='lat' dir='ltr'><strong>&amp;On</strong></span> <span class='ocrx_word' id='word_1_126' title='bbox 281 2738 331 2788; x_wconf 90' lang='lat' dir='ltr'><strong>est</strong></span> <span class='ocrx_word' id='word_1_127' title='bbox 347 2729 545 2789; x_wconf 90' lang='lat' dir='ltr'><strong>credendum</strong></span> <span class='ocrx_word' id='word_1_128' title='bbox 562 2728 650 2788; x_wconf 93' lang='lat' dir='ltr'><strong>omni</strong></span> <span class='ocrx_word' id='word_1_129' title='bbox 673 2729 773 2788; x_wconf 91' lang='lat' dir='ltr'><strong>verbo</strong></span> <span class='ocrx_word' id='word_1_130' title='bbox 789 2745 849 2788; x_wconf 93' lang='lat' dir='ltr'><strong>nec</strong></span> 
     </span>
     <span class='ocr_line' id='line_1_23' title="bbox 216 2825 851 2901; baseline 0.002 -15"><span class='ocrx_word' id='word_1_131' title='bbox 216 2826 469 2887; x_wconf 79' lang='lat' dir='ltr'><strong>instinctui2sed</strong></span> <span class='ocrx_word' id='word_1_132' title='bbox 479 2835 572 2885; x_wconf 87' lang='lat' dir='ltr'><strong>caute</strong></span> <span class='ocrx_word' id='word_1_133' title='bbox 582 2825 851 2901; x_wconf 83' lang='lat' dir='ltr'><strong>etlonganimiter</strong></span> 
     </span>
     <span class='ocr_line' id='line_1_24' title="bbox 94 2923 850 2999; baseline -0.003 -13"><span class='ocrx_word' id='word_1_134' title='bbox 94 2943 145 2986; x_wconf 91' lang='lat' dir='ltr'><strong>res</strong></span> <span class='ocrx_word' id='word_1_135' title='bbox 160 2934 212 2986; x_wconf 93' lang='lat' dir='ltr'><strong>est</strong></span> <span class='ocrx_word' id='word_1_136' title='bbox 228 2923 410 2984; x_wconf 92' lang='lat' dir='ltr'><strong>secundum</strong></span> <span class='ocrx_word' id='word_1_137' title='bbox 423 2926 529 2985; x_wconf 89' lang='lat' dir='ltr'><strong>Deum</strong></span> <span class='ocrx_word' id='word_1_138' title='bbox 545 2923 763 2999; x_wconf 86' lang='lat' dir='ltr'><strong>ponderanda.</strong></span> <span class='ocrx_word' id='word_1_139' title='bbox 787 2925 850 2984; x_wconf 89' lang='lat' dir='ltr'><strong>Pro</strong></span> 
     </span>
     <span class='ocr_line' id='line_1_25' title="bbox 94 3022 848 3098; baseline -0.005 -13"><span class='ocrx_word' id='word_1_140' title='bbox 94 3025 185 3085; x_wconf 89' lang='lat' dir='ltr'><strong>dolor</strong></span> <span class='ocrx_word' id='word_1_141' title='bbox 207 3037 306 3098; x_wconf 87' lang='lat' dir='ltr'><strong>saepe</strong></span> <span class='ocrx_word' id='word_1_142' title='bbox 329 3022 449 3082; x_wconf 86' lang='lat' dir='ltr'><strong>malum</strong></span> <span class='ocrx_word' id='word_1_143' title='bbox 471 3022 600 3081; x_wconf 84' lang='lat' dir='ltr'><strong>facilius</strong></span> <span class='ocrx_word' id='word_1_144' title='bbox 616 3038 711 3097; x_wconf 87' lang='lat' dir='ltr'><strong>quam</strong></span> <span class='ocrx_word' id='word_1_145' title='bbox 728 3022 848 3082; x_wconf 94' lang='lat' dir='ltr'><strong>bonum</strong></span> 
     </span>
    </p>
   </div>
   <div class='ocr_carea' id='block_1_8' title="bbox 13 3119 971 3292">
    <p class='ocr_par' dir='ltr' id='par_1_8' title="bbox 13 3119 971 3292">
     <span class='ocr_line' id='line_1_26' title="bbox 93 3119 971 3186; baseline -0.006 -4"><span class='ocrx_word' id='word_1_146' title='bbox 93 3123 132 3182; x_wconf 90' lang='lat' dir='ltr'><strong>de</strong></span> <span class='ocrx_word' id='word_1_147' title='bbox 164 3121 228 3182; x_wconf 88' lang='lat' dir='ltr'><strong>alio</strong></span> <span class='ocrx_word' id='word_1_148' title='bbox 258 3119 402 3180; x_wconf 88' lang='lat' dir='ltr'><strong>creditur</strong></span> <span class='ocrx_word' id='word_1_149' title='bbox 430 3129 462 3179; x_wconf 91' lang='lat' dir='ltr'><strong>et</strong></span> <span class='ocrx_word' id='word_1_150' title='bbox 490 3119 626 3180; x_wconf 89' lang='lat' dir='ltr'><strong>dicitur:</strong></span> <span class='ocrx_word' id='word_1_151' title='bbox 655 3119 699 3179; x_wconf 94' lang='lat' dir='ltr'><strong>ita</strong></span> <span class='ocrx_word' id='word_1_152' title='bbox 729 3119 886 3186; x_wconf 80' lang='lat' dir='ltr'><strong>infirmi25</strong></span> <span class='ocrx_word' id='word_1_153' title='bbox 967 3157 971 3169; x_wconf 86' lang='lat'>·</span> 
     </span>
     <span class='ocr_line' id='line_1_27' title="bbox 13 3216 850 3292; baseline -0.004 -12"><span class='ocrx_word' id='word_1_154' title='bbox 13 3227 14 3240; x_wconf 65' lang='lat'>¹</span> <span class='ocrx_word' id='word_1_155' title='bbox 93 3237 218 3280; x_wconf 78' lang='lat' dir='ltr'><strong>sumus,</strong></span> <span class='ocrx_word' id='word_1_156' title='bbox 248 3217 314 3278; x_wconf 88' lang='lat' dir='ltr'><strong>Sed</strong></span> <span class='ocrx_word' id='word_1_157' title='bbox 337 3216 473 3292; x_wconf 85' lang='lat' dir='ltr'><strong>perfecti</strong></span> <span class='ocrx_word' id='word_1_158' title='bbox 496 3216 557 3277; x_wconf 93' lang='lat' dir='ltr'><strong>viri</strong></span> <span class='ocrx_word' id='word_1_159' title='bbox 576 3233 641 3276; x_wconf 95' lang='lat' dir='ltr'><strong>non</strong></span> <span class='ocrx_word' id='word_1_160' title='bbox 665 3216 759 3276; x_wconf 85' lang='lat' dir='ltr'><strong>facile</strong></span> <span class='ocrx_word' id='word_1_161' title='bbox 782 3235 850 3277; x_wconf 92' lang='lat' dir='ltr'><strong>cre-</strong></span> 
     </span>
    </p>
   </div>
   <div class='ocr_carea' id='block_1_9' title="bbox 94 3313 850 3489">
    <p class='ocr_par' dir='ltr' id='par_1_9' title="bbox 94 3313 850 3489">
     <span class='ocr_line' id='line_1_28' title="bbox 94 3313 850 3390; baseline -0.004 -12"><span class='ocrx_word' id='word_1_162' title='bbox 94 3317 173 3378; x_wconf 94' lang='lat' dir='ltr'><strong>dunt</strong></span> <span class='ocrx_word' id='word_1_163' title='bbox 188 3315 277 3377; x_wconf 94' lang='lat' dir='ltr'><strong>omni</strong></span> <span class='ocrx_word' id='word_1_164' title='bbox 294 3313 475 3390; x_wconf 90' lang='lat' dir='ltr'><strong>enarranti;</strong></span> <span class='ocrx_word' id='word_1_165' title='bbox 497 3314 574 3390; x_wconf 91' lang='lat' dir='ltr'><strong>quia</strong></span> <span class='ocrx_word' id='word_1_166' title='bbox 588 3313 696 3376; x_wconf 92' lang='lat' dir='ltr'><strong>sciunt</strong></span> <span class='ocrx_word' id='word_1_167' title='bbox 716 3315 850 3376; x_wconf 84' lang='lat' dir='ltr'><strong>infirmi·</strong></span> 
     </span>
     <span class='ocr_line' id='line_1_29' title="bbox 94 3411 850 3489; baseline -0.003 -14"><span class='ocrx_word' id='word_1_168' title='bbox 94 3424 190 3476; x_wconf 89' lang='lat' dir='ltr'><strong>tatem</strong></span> <span class='ocrx_word' id='word_1_169' title='bbox 213 3416 389 3474; x_wconf 86' lang='lat' dir='ltr'><strong>humanam</strong></span> <span class='ocrx_word' id='word_1_170' title='bbox 405 3413 445 3472; x_wconf 89' lang='lat' dir='ltr'><strong>ad</strong></span> <span class='ocrx_word' id='word_1_171' title='bbox 460 3414 581 3474; x_wconf 88' lang='lat' dir='ltr'><strong>malum</strong></span> <span class='ocrx_word' id='word_1_172' title='bbox 602 3411 796 3489; x_wconf 88' lang='lat' dir='ltr'><strong>proclivam:</strong></span> <span class='ocrx_word' id='word_1_173' title='bbox 818 3423 850 3473; x_wconf 91' lang='lat' dir='ltr'><strong>et</strong></span> 
     </span>
    </p>
   </div>
   <div class='ocr_carea' id='block_1_10' title="bbox 95 3510 850 3658">
    <p class='ocr_par' dir='ltr' id='par_1_10' title="bbox 95 3510 850 3658">
     <span class='ocr_line' id='line_1_30' title="bbox 95 3510 850 3587; baseline -0.003 -16"><span class='ocrx_word' id='word_1_174' title='bbox 95 3513 128 3572; x_wconf 95' lang='lat' dir='ltr'><strong>in</strong></span> <span class='ocrx_word' id='word_1_175' title='bbox 149 3515 258 3575; x_wconf 88' lang='lat' dir='ltr'><strong>verbis</strong></span> <span class='ocrx_word' id='word_1_176' title='bbox 280 3512 363 3574; x_wconf 88' lang='lat' dir='ltr'><strong>satis</strong></span> <span class='ocrx_word' id='word_1_177' title='bbox 377 3512 517 3573; x_wconf 88' lang='lat' dir='ltr'><strong>labilem.</strong></span> <span class='ocrx_word' id='word_1_178' title='bbox 547 3510 667 3587; x_wconf 83' lang='lat' dir='ltr'><strong>Magna</strong></span> <span class='ocrx_word' id='word_1_179' title='bbox 681 3510 850 3586; x_wconf 90' lang='lat' dir='ltr'><strong>sapientia,</strong></span> 
     </span>
     <span class='ocr_line' id='line_1_31' title="bbox 461 3617 482 3658; baseline 0 0"><span class='ocrx_word' id='word_1_180' title='bbox 461 3617 482 3658; x_wconf 88' lang='lat' dir='ltr'><strong>n</strong></span> 
     </span>
    </p>
   </div>
   <div class='ocr_carea' id='block_1_11' title="bbox 0 0 1079 4194">
    <p class='ocr_par' dir='ltr' id='par_1_11' title="bbox 0 0 1079 4194">
     <span class='ocr_line' id='line_1_32' title="bbox 0 0 1079 4194; baseline 0 0"><span class='ocrx_word' id='word_1_181' title='bbox 0 0 1079 4194; x_wconf 95' lang='lat' dir='ltr'><strong> </strong></span> 
     </span>
    </p>
   </div>
  </div>
 </body>
</html>
