2142 4194
84 589 157 663 dire,
178 596 343 662 tamquam
359 584 392 644 in
408 581 499 644 brevi
517 581 697 658 praemium
714 579 834 640 laboris

84 683 180 744 nostri
210 701 228 742 a
251 682 322 741 Deo
345 680 539 757 percepturi.
583 680 621 739 Et
649 678 677 738 si
701 678 833 737 dilatum

86 782 194 858 fuerit3
222 779 396 840 credamus
424 794 485 837 nos
507 777 617 837 minus
639 777 723 835 bene
745 791 836 850 prae·

84 888 208 956 paratos
218 886 314 953 atque
323 875 474 951 indignos
485 883 592 934 tantae
601 873 706 933 adhuc
714 872 836 950 gloriae

85 993 164 1053 quae
185 973 384 1035 revelabitur
405 970 438 1030 in
460 971 556 1030 nobis
577 981 724 1048 tempore
747 986 859 1047 prae-s

87 1074 188 1134 finito:
204 1081 236 1132 et
251 1070 441 1131 studeamus
456 1086 517 1128 nos
527 1069 646 1128 melius
662 1068 701 1128 ad
714 1068 836 1128 exitum

84 1186 283 1248 praeparare.
311 1169 433 1230 Beatus
449 1183 566 1226 servus
581 1166 624 1226 ait
639 1165 838 1242 evangelista

87 1269 203 1328 Lucas:
232 1282 330 1343 quem
361 1283 433 1326 cum
462 1265 592 1325 venerit
612 1263 765 1324 dominus
791 1262 838 1321 in-

85 1365 210 1426 venerit
238 1363 437 1440 vigilantem.
486 1361 593 1422 Amen
624 1357 697 1421 dieo
728 1359 837 1420 vobis:

85 1479 182 1540 super
204 1461 315 1522 omnia
334 1461 419 1521 bona
441 1477 501 1520 sua
522 1459 698 1520 constituet
719 1475 804 1518 eum.
849 1475 876 1515 ro

145 1657 202 1716 DE
225 1655 389 1717 AMORE
413 1653 705 1716 SOLITVDINIS
729 1653 780 1713 ET

360 1751 536 1814 SlLENTI
546 1752 568 1811 1.

327 1906 532 1957 CAPITVLVM
550 1907 602 1955 XX.

81 1984 314 2215 Quem
336 2053 445 2120 aptum
463 2052 593 2118 tempus
610 2041 745 2102 vacandi
767 2041 841 2101 tibi:

227 2151 261 2202 et
291 2142 331 2202 de
360 2141 529 2202 beneficiis
562 2140 621 2200 Dei
655 2142 879 2218 frequenterrs
942 2175 945 2182 ·

83 2239 200 2315 cogitass
244 2239 406 2316 Relinque
435 2238 581 2314 curiosa3
609 2240 690 2299 tales
712 2241 866 2316 perleget

82 2337 259 2397 materias:
300 2353 383 2413 quae
419 2337 704 2412 compunctionem
740 2323 851 2432 magiss

82 2442 273 2510 praestant:
309 2451 405 2510 quam
438 2434 695 2510 occupationem.
747 2435 780 2495 Si
812 2445 843 2494 te

82 2531 290 2593 subtraxeris
311 2549 330 2591 a
351 2531 528 2607 superfluis
550 2532 784 2608 locutionibus,
813 2543 844 2593 et

12 2617 14 2628 ¹
81 2631 203 2691 otiosis
232 2628 498 2703 circuitionibuS,
527 2645 588 2688 nec
616 2647 682 2690 non
711 2649 729 2690 a
755 2632 881 2691 novi-20

81 2727 208 2786 tatibus
230 2735 264 2784 et
284 2725 470 2785 rumoribus
485 2726 672 2787 audiendis:
696 2728 846 2789 invenies

82 2833 219 2900 tempus
252 2822 423 2883 sufficiens
459 2832 491 2883 et
522 2834 630 2900 aptum
662 2843 720 2901 pro
751 2827 846 2887 bonis

82 2919 358 2982 meditationibus
373 2922 574 2984 insistendis.
604 2924 739 2984 Maximi
755 2941 847 2984 sanc·

81 3028 196 3079 torum
208 3021 353 3079 humana
363 3021 527 3081 consortia
539 3022 593 3081 ubi
610 3030 759 3097 poterant
769 3021 848 3081 vita-

81 3117 180 3177 bant:
205 3125 239 3176 et
255 3117 326 3176 Deo
342 3117 375 3177 in
391 3128 519 3178 secreto
535 3119 660 3179 servire
676 3118 884 3195 eligebantzs

12 3209 17 3230 '
83 3215 179 3275 Dixit
209 3214 354 3291 quidam.
396 3215 560 3292 Quotiens
588 3217 674 3277 inter
696 3216 848 3277 homines

84 3313 152 3374 iui:
176 3315 289 3374 minor
310 3315 416 3383 homo¹
430 3314 521 3374 redii.
552 3315 624 3374 Hoc
642 3315 773 3392 saepius
795 3334 848 3377 ex-

85 3413 256 3486 perimur:
278 3411 407 3488 quando
429 3411 485 3471 diu
505 3412 760 3472 contabulamur.
793 3415 848 3474 Fa-

86 3508 188 3568 cilius
220 3517 273 3568 est
301 3508 433 3568 omnino
465 3519 589 3570 tacere:
621 3529 716 3592 quam
749 3513 849 3572 verbo

460 3615 487 3656 as
713 3615 742 3656 a*
