2178 4186
95 423 138 474 &³
148 419 254 464 BREVIS
265 418 443 462 ADMONlTlO
456 415 640 460 SPlRlTVALlS
654 414 804 458 EXERClTlI
814 414 855 468 ω

97 555 156 616 tibi
173 554 233 614 soli
250 564 283 615 et
293 555 364 614 Deo
375 552 517 613 maxime
532 551 687 611 intentus.
713 550 750 609 ln
765 549 857 624 cella,

98 664 154 714 aut
183 653 296 729 legens
326 659 381 711 aut
408 666 523 724 orans,
554 657 609 707 aut
640 663 780 723 operans
810 645 858 705 irr-

97 749 253 812 veuiaris.
289 747 340 809 Ad
363 748 434 807 loca
455 746 509 806 ubi
533 745 626 805 multi
648 743 858 818 conveniunt,

98 857 133 909 et
163 847 358 924 loquuntur:
394 863 460 906 non
495 854 651 905 transeas.
702 843 792 904 Tene
827 851 859 902 te

98 943 302 1006 solitarium:
325 953 356 1004 et
378 943 502 1006 senties
523 942 656 1002 bonum.
690 942 726 1001 ln
749 941 881 1001 labores

99 1053 134 1104 et
163 1041 330 1102 communi
360 1041 533 1102 societate:
562 1058 634 1100 raro
663 1048 717 1100 aut
745 1056 858 1115 parum

98 1139 257 1217 loquaris.
288 1139 372 1199 Raro
388 1138 544 1216 egredere
560 1137 663 1198 foras:
685 1146 717 1197 et
739 1137 766 1197 si
785 1154 860 1197 evo-

99 1247 195 1298 catus
218 1237 321 1298 fueris
343 1236 406 1296 cito
427 1235 612 1296 revertaris,
653 1234 860 1310 Vbicumque

98 1353 178 1396 esse
200 1335 317 1395 debes:
341 1334 414 1394 sine
435 1351 527 1394 mora
541 1332 665 1394 venias.
708 1333 860 1393 Humiles

99 1443 135 1495 et
157 1433 357 1509 compositos
386 1449 496 1492 mores
518 1431 655 1491 habeas:
684 1439 716 1490 et
745 1447 860 1490 omnes
872 1445 897 1486 ιο

98 1547 222 1592 sensus
233 1539 307 1590 tuos
318 1529 744 1606 subdisciplinacustodias.
761 1528 861 1600 Disce

99 1640 136 1692 te
157 1646 215 1705 pro
239 1629 310 1692 Deo
331 1627 413 1704 pati,
442 1628 475 1688 in
498 1626 586 1687 omni
612 1625 808 1687 necessitate
830 1633 862 1684 et

6 1733 7 1736 ’
100 1726 269 1804 gravitate.
295 1725 370 1787 Non
381 1726 428 1786 sis
439 1725 664 1801 importunus:
679 1723 738 1784 sed
753 1722 862 1783 omnia

102 1825 156 1884 lac
179 1840 252 1883 cum
275 1823 517 1899 tranquillitate.
554 1822 641 1884 Cum
661 1819 815 1896 patientia
830 1827 862 1878 et

102 1919 288 1981 humilitate
329 1938 444 1980 omnes
485 1920 599 1980 vinces
638 1917 861 1978 adversitates.
874 1935 898 1976 ιε,

101 2017 252 2078 Viriliter
273 2035 332 2094 age
354 2027 385 2078 et
406 2018 608 2078 confortetur
629 2024 808 2076 cortuum:
830 2021 862 2073 et

103 2113 209 2191 lugiet
231 2114 395 2175 inimicus.
661 2128 662 2132 ’

104 2317 862 2398 Ducouremrrvcousomrrouvu

330 2432 643 2494 rurreuurvu.

105 2544 312 2765 &catus
334 2603 389 2679 qui
412 2602 590 2663 nonhabet
607 2601 901 2662 consolationemao

233 2700 370 2760 interra.
387 2702 509 2762 Beatus
519 2701 574 2777 qui
586 2698 864 2776 despicitomnem

106 2797 256 2874 requiem
272 2799 483 2873 temporalem
500 2813 558 2872 pro
574 2796 720 2858 Christo.
743 2797 865 2856 Beatus

106 2894 163 2971 qui
176 2910 213 2953 se
223 2895 288 2970 pati
300 2894 377 2954 scit:
389 2913 463 2955 cum
474 2913 492 2954 a
503 2893 617 2955 Deoet
627 2893 666 2953 ab
677 2893 865 2953 hominibus

107 2991 286 3053 derelictus
298 2992 404 3052 luerit.
428 2993 550 3052 Beatus
562 2991 616 3067 qui
628 2991 865 3051 ordinationem

108 3089 171 3150 Dei
201 3099 365 3165 expectat:
397 3100 428 3150 et
457 3089 566 3149 omnia
597 3089 637 3148 de
665 3105 762 3149 mauu
794 3088 902 3148 eiusas

108 3187 236 3264 accipit.
280 3188 380 3248 Disce
408 3188 481 3248 sine
503 3189 646 3247 humano
675 3187 796 3247 solacio
820 3187 867 3246 vi-

109 3303 204 3346 vere:
221 3286 317 3346 etiam
334 3302 408 3347 cum
420 3286 513 3363 copia
523 3285 602 3345 assit
616 3285 866 3345 consolatorum.

111 3383 237 3460 Fragile
260 3392 291 3443 et
313 3383 495 3445 indurabile
517 3394 567 3444 est
581 3383 738 3443 solacium
763 3383 795 3442 irr
811 3384 868 3442 ho-

110 3481 255 3541 minibus
277 3480 459 3557 confidere,
488 3490 542 3541 aut
563 3479 663 3541 nimis
684 3481 725 3540 de
754 3497 866 3541 eorum

470 3585 508 3626 aar
