2146 4194
245 484 366 538 ὥρῃ
438 483 476 526 DE
492 483 671 528 lMlTllTiONE
686 485 811 529 CHRISTI
880 484 995 539 &Q

244 617 306 678 bus
321 629 353 679 et
367 617 511 678 lacrimis
521 635 667 694 exorare,
683 629 714 679 et
730 636 843 680 eorum
859 619 996 697 gloriosa

244 714 399 793 suffragia
420 716 535 776 humili
558 727 667 777 mente
689 718 881 794 implorare:
902 735 995 795 quarn

244 829 357 873 eorum
380 824 506 874 secreta
526 829 609 873 vano
623 814 836 891 inquisitione
852 833 997 892 perscru-

243 909 313 970 tari.
357 910 405 970 llli
434 912 518 971 bene
547 922 579 971 ct
605 911 726 988 optime
755 922 996 974 contentantur:

222 1007 271 1066 ssi
301 1008 452 1069 homines
483 1008 605 1068 scirent
636 1009 816 1070 contentari
849 1020 881 1070 et
911 1008 997 1068 vani-

244 1105 353 1181 loquia
374 1123 434 1167 sua
458 1122 678 1181 compescere.
722 1105 796 1166 Non
820 1106 998 1183 gloriantur

244 1203 284 1262 de
306 1203 446 1280 propriis
461 1202 604 1278 meritis3
625 1202 746 1280 quippe
768 1204 823 1280 qui
839 1204 902 1264 sibi
918 1203 997 1264 nihil

243 1301 395 1361 bonitatis
410 1300 576 1361 ascribunt
591 1301 649 1360 sed
664 1310 766 1360 totum
783 1300 878 1361 mihi:
898 1318 998 1378 quon·

243 1398 306 1457 iarn
329 1398 410 1474 ipsis
432 1408 548 1458 cuncta
570 1414 610 1458 ex
631 1397 757 1458 infinita
772 1398 905 1459 caritate
927 1415 998 1458 mea

209 1515 234 1556 ro
243 1495 370 1556 donavi.
398 1494 500 1556 Tanto
515 1512 625 1555 amore
640 1494 818 1561 divinitatis
835 1504 868 1555 et
881 1495 997 1572 gaudio
1060 1491 1061 1500 ’

242 1593 490 1670 supereffluenti
502 1594 685 1670 replentur3
706 1603 742 1654 ut
757 1589 838 1653 nihil
855 1593 904 1653 eis
915 1594 997 1654 desit

241 1690 379 1766 gloriae:
401 1690 550 1768 nihilque
571 1691 675 1767 possit
690 1692 808 1751 deesse
824 1690 996 1752 felicitatis.

242 1786 369 1848 Omnes
397 1788 500 1848 sancti
529 1797 650 1864 quanto
679 1787 812 1848 altiores
841 1788 874 1847 in
896 1789 996 1866 gloria

240 1893 329 1944 tanto
360 1883 553 1943 humiliores
589 1883 622 1943 in
653 1900 690 1943 se
720 1883 819 1961 ipsis:
855 1896 887 1946 et
918 1886 995 1946 mihi

207 1981 417 2045 isviciniores
444 1991 477 2040 et
498 1979 685 2039 dilectiores
711 1981 864 2042 existunt.
909 1982 997 2042 Ideo·

240 2076 996 2154 quehabesscriptum3quiamittebantcoronas
1059 2149 1060 2176 i

240 2192 317 2234 suas
339 2185 413 2235 ante
437 2176 542 2236 Deum
573 2187 604 2236 et
626 2176 815 2237 ceciderunt
839 2176 872 2236 in
897 2177 995 2238 iacies

240 2290 317 2333 suas
339 2289 447 2333 coram
470 2273 581 2351 Agno:
603 2284 635 2334 et
650 2274 868 2334 adoraverunt
885 2274 996 2336 viven-

239 2379 304 2428 tem
327 2369 360 2428 in
383 2370 513 2430 saecula
535 2370 752 2430 saeculorum.

202 2488 230 2530 zo
280 2467 375 2527 Multi
391 2478 552 2544 quaerunt
567 2467 642 2544 quis
657 2467 761 2528 maior
782 2466 824 2526 sit
846 2466 879 2526 in
896 2485 995 2545 regno

240 2564 318 2624 Dei:
340 2565 395 2641 qui
418 2565 567 2642 ignorant
582 2583 623 2625 an
639 2583 713 2626 cum
733 2564 879 2625 minimis
902 2576 994 2626 erunt

239 2661 325 2738 digni
349 2663 539 2738 computari.
576 2663 732 2739 Magnum
755 2671 806 2722 est
827 2661 879 2721 vel
904 2663 995 2722 mini-

239 2777 327 2819 mum
359 2777 434 2820 esse
463 2759 496 2818 in
525 2759 634 2834 caelo,
666 2759 720 2820 ubi
749 2775 866 2818 omncs
888 2761 993 2836 magni

238 2868 330 2919 sunt:
361 2858 437 2934 quia
467 2872 583 2916 omnes
613 2855 669 2915 lilii
701 2856 761 2919 Dei
793 2858 995 2920 vocabuntur

200 2964 269 3018 25et
291 2965 395 3014 crunt.
425 2953 585 3014 Minimus
607 2954 668 3014 erit
690 2954 724 3014 in
747 2954 852 3015 mille:
875 2967 909 3017 et
923 2974 994 3034 pec·

237 3063 326 3112 cator
355 3062 485 3111 centurn
508 3068 667 3111 annorum
698 3051 865 3112 morietur.
909 3054 993 3115 Cum

237 3149 323 3209 enim
336 3159 531 3225 quaererent
541 3148 692 3225 discipuli
704 3149 779 3225 quis
792 3149 898 3210 maior
907 3161 995 3211 esset

236 3246 269 3305 in
302 3263 401 3322 regno
433 3246 615 3306 caelorum:
647 3247 710 3307 tale
741 3247 916 3308 audierunt
947 3265 995 3308 re·
1055 3287 1056 3328 1

236 3361 405 3419 sponsum.
448 3343 520 3404 Nisi
551 3343 701 3404 conversi
733 3343 861 3404 fueritis
891 3355 924 3406 et
950 3346 995 3406 cf-

198 3441 390 3507 aoficiamini
413 3442 498 3502 sicut
520 3441 663 3518 parvuli:
688 3458 753 3501 non
777 3441 940 3502 intrabitis
962 3443 994 3504 in

236 3555 372 3614 regnum
395 3539 570 3599 caelorum.
608 3539 818 3616 Quicumque
835 3556 915 3617 ergo
937 3542 995 3602 hu-
