2138 4196
87 476 355 530 mmmmm
414 475 456 517 1111
474 476 498 517 ¹8
552 475 833 528 mmm

89 609 141 669 tari
168 611 348 671 voluerunt.
398 608 495 669 Fides
524 627 543 669 a
571 619 602 670 te
634 607 773 685 exigitur
801 617 833 667 et

88 705 374 768 sinceravitaznon
385 705 714 768 altitudointellectus
725 723 833 783 neque

88 803 280 879 profunditas
295 805 527 883 mysteriorum
544 805 616 866 Dei.
648 804 681 865 Si
704 821 770 864 non
786 803 833 863 in·

87 900 204 979 tellegis
239 920 300 963 nec
332 902 421 978 capis
454 920 538 979 quae
569 902 654 962 infra
684 911 715 961 te
746 912 833 977 sunt,

87 1000 238 1074 quomodo
268 999 529 1076 comprehendes
558 1016 641 1077 quae
673 1015 771 1075 supra
801 1008 855 1060 tes

86 1097 181 1157 sunt?
221 1097 369 1159 Subdere
392 1098 462 1157 Deo
485 1107 516 1158 et
539 1097 676 1157 humilia
697 1113 832 1157 sensum

85 1202 168 1255 tuum
184 1194 275 1255 lidei:
291 1205 323 1256 et
338 1195 466 1255 dabitur
480 1194 536 1255 tibi
548 1193 705 1255 scientiae
721 1195 832 1253 lumen

18 1301 19 1372 j
85 1301 172 1366 prout
201 1292 258 1352 tibi
291 1291 390 1352 luerit
420 1292 499 1352 utile
530 1309 566 1353 ac
598 1291 832 1352 necessarium.

18 1395 19 1402 ’
85 1387 217 1464 Quidam
247 1389 389 1466 graviter
416 1399 616 1465 temptantur
644 1390 684 1449 de
713 1388 777 1449 ilde
801 1398 833 1448 et

18 1483 19 1496 ¹
84 1496 296 1548 sacramento:
326 1487 384 1547 sed
414 1496 552 1547 nonest
580 1487 642 1547 hoc
671 1486 752 1563 ipsis
774 1486 869 1549 im·ro

83 1584 252 1657 putandum
266 1585 325 1645 sed
337 1584 445 1661 potius
461 1584 603 1645 inimico.
627 1583 701 1644 Noli
718 1601 832 1644 curare

84 1682 143 1741 noli
172 1683 338 1759 disputare
368 1699 442 1743 cum
474 1681 723 1760 cogitationibus
751 1680 832 1742 tuis:

83 1796 139 1839 nec
159 1781 197 1840 ad
226 1780 393 1840 immissas
419 1797 437 1839 a
459 1779 585 1841 diabolo
614 1778 833 1840 dubitationes

83 1879 254 1955 responde3
286 1878 344 1938 sed
376 1868 477 1938 crede'
503 1877 613 1938 verbis
642 1876 703 1937 Dei
735 1875 832 1935 crede

83 1977 196 2036 sanctis
218 1975 292 2036 eius
314 1984 346 2035 et
367 1975 552 2051 prophetis:
581 1984 613 2035 et
638 1974 739 2052 fugiet
761 1991 779 2034 a
800 1983 868 2034 teis

84 2073 388 2150 nequaminimicus.
411 2072 515 2148 Saepe
531 2073 668 2132 multum
684 2071 832 2149 prodest:

83 2171 160 2245 quod
182 2171 258 2232 talia
279 2170 420 2231 sustinet
435 2170 496 2230 Dei
520 2187 646 2232 servus.
682 2169 766 2229 Nam
785 2168 832 2229 in·

85 2266 188 2329 lideles
210 2279 243 2330 et
271 2278 461 2345 peccatores
490 2285 555 2328 non
583 2275 718 2343 temptat
747 2283 831 2343 quos

85 2380 191 2426 secure
213 2367 277 2426 iam
305 2367 468 2443 possidet:
498 2365 612 2426 fideles
641 2373 748 2426 autem
778 2365 831 2424 de-

18 2475 20 2508 l
84 2471 168 2522 votos
182 2463 284 2523 variis
295 2464 401 2524 modis
412 2473 546 2540 temptat
556 2473 588 2523 et
598 2471 702 2522 vexat.
728 2462 868 2540 Pergeao

86 2575 153 2636 ergo
174 2579 248 2622 cum
272 2561 412 2636 simplici
437 2571 469 2622 et
490 2561 669 2622 indubitata
691 2560 772 2637 lide3
801 2571 832 2621 et

87 2674 150 2719 cum
171 2659 311 2736 supplici
335 2660 519 2721 reverentia
537 2659 576 2719 ad
592 2666 831 2718 sacramentum

87 2757 210 2817 accede:
234 2765 266 2817 et
284 2757 441 2833 quidquid
457 2757 646 2834 intellegere
661 2773 727 2816 non
742 2755 833 2815 vales

88 2852 148 2913 Deo
168 2854 384 2930 omnipotenti
406 2871 524 2916 secure
545 2853 721 2914 committe.
758 2852 832 2912 Non

86 2949 157 3011 lallit
167 2961 198 3011 te
210 2952 319 3012 Deus:
336 2950 457 3013 fallitur
468 2952 522 3029 qui
539 2952 600 3012 sibi
616 2951 678 3028 ipsi
695 2951 831 3011 nimium
840 2972 868 3014 25

85 3049 187 3110 credit.
230 3049 389 3111 Graditur
411 3050 502 3111 Deus
524 3068 597 3111 cum
628 3049 832 3125 simplicibus

85 3146 198 3206 revelat
213 3163 250 3206 se
266 3147 463 3224 humilibus3
478 3148 530 3208 dat
545 3148 746 3210 intellectum
762 3165 832 3223 par-

85 3243 179 3319 vulis,
201 3245 305 3320 aperit
327 3261 462 3305 sensum
484 3245 575 3321 puris
598 3245 778 3306 mentibus:
800 3254 832 3305 et

85 3341 245 3401 abscondit
274 3343 409 3419 gratiam
439 3343 578 3404 curiosis
609 3354 640 3404 et
671 3343 831 3418 superbis.

86 3437 170 3499 Ratio
192 3440 334 3501 humana
356 3440 473 3501 debilis
495 3451 545 3502 est
567 3452 598 3502 et
621 3440 687 3500 falli
710 3450 869 3516 potestzao

86 3538 159 3598 fides
181 3549 288 3601 autem
310 3556 388 3600 vera
404 3538 469 3599 lalli
486 3557 551 3600 non
567 3547 682 3616 potest.
714 3537 832 3600 Omnis

438 3641 475 3685 tar
