2178 4186
117 432 876 486 ffifflffi'fflffissfflffimffi

120 568 228 627 Dens:
256 583 321 626 non
343 567 442 627 homo
466 565 598 643 fragilis,
642 565 780 642 Sapiens
802 567 876 642 plus

121 664 204 724 iacta
232 663 389 740 ponderat
417 680 513 740 quam
543 663 651 724 verba.
698 664 763 723 Res
791 664 876 723 bene

118 769 210 838 gesta
232 777 269 820 se
288 760 392 836 ipsam
409 761 526 821 laudat.
556 760 621 838 Qui
638 762 737 822 verba
752 770 875 822 tantum

119 869 279 920 sectatur:
307 859 389 920 nihil
419 859 575 920 inveniet.
611 857 724 919 Virtus
748 858 781 918 in
805 858 875 917 Deo

120 957 217 1018 iacta:
246 973 265 1016 a
287 957 357 1017 Deo
378 957 513 1034 gloriam
537 955 681 1032 recipiet.
724 955 758 1016 Si
781 955 899 1031 poniss

119 1055 219 1116 vitam
242 1065 330 1116 tuam
353 1055 386 1116 in
409 1072 466 1115 ore
489 1055 677 1129 hominum3
698 1053 765 1114 eris
780 1052 876 1113 modo

119 1150 261 1229 aliquid,
292 1151 388 1212 modo
420 1152 519 1213 nihil:
554 1167 732 1228 numquam
768 1159 876 1210 tamen

120 1249 204 1310 liber
226 1259 257 1310 et
279 1249 419 1326 quietus.
459 1250 568 1310 Iustus
590 1248 700 1308 verbis
722 1265 787 1309 non
809 1264 876 1307 mo·

120 1355 216 1406 vetur
244 1345 383 1407 ornatis:
413 1347 471 1407 sed
494 1345 580 1423 quod
603 1346 674 1405 Deo
700 1346 805 1422 placet
833 1355 877 1406 at-

119 1443 234 1504 tendit.
285 1443 390 1521 Saepe
421 1445 573 1506 homines
609 1444 754 1505 laudant:
790 1443 877 1519 quod
889 1461 913 1502 ιο

119 1541 280 1616 improbat
304 1542 404 1603 Deus.
436 1543 629 1604 Multotiens
652 1544 743 1603 Deus
765 1558 877 1617 accep·

118 1647 181 1698 tat:
197 1638 283 1714 quod
294 1639 446 1700 homines
462 1639 647 1716 vituperant
661 1649 694 1700 et
708 1648 877 1716 spernunt.

121 1735 180 1795 lile
210 1752 288 1813 ergo
319 1737 417 1814 digne
453 1738 620 1798 laudatur:
655 1753 753 1814 quem
786 1737 877 1796 Deus

119 1832 230 1893 omnis
260 1833 371 1894 sciens
402 1836 619 1895 commendat.
662 1835 719 1895 ille
747 1834 877 1894 adiutus

120 1941 172 1991 est
187 1941 219 1991 et
233 1931 335 1992 valet:
352 1949 449 2009 quem
465 1933 596 1993 adiuvat
612 1934 713 1993 Deus.
740 1930 878 1992 Ametur
889 1949 914 1992 rs

120 2029 261 2106 veritas,
292 2047 358 2090 non
390 2031 559 2091 hominum
591 2029 786 2107 loquacitas3
822 2028 876 2105 qui

120 2143 220 2202 saepe
255 2144 313 2203 pro
350 2128 424 2189 odio
455 2131 507 2189 vel
544 2145 654 2188 amore
685 2137 877 2188 moventur:

120 2225 309 2286 nescientes
331 2226 408 2303 quid
438 2227 480 2288 sit
509 2227 542 2286 in
568 2225 702 2286 homine
724 2225 877 2284 velatum.

121 2323 203 2383 Redi
239 2341 316 2401 ergo
352 2325 391 2385 ed
428 2324 663 2386 conscientiam
699 2331 786 2382 tuam
821 2321 876 2381 ubi

119 2419 243 2481 veritas
265 2420 370 2496 videt3
400 2430 431 2481 et
454 2421 589 2482 scitote
613 2418 779 2479 infirmum
802 2435 914 2478 essem

119 2528 153 2578 et
187 2527 409 2593 peccatorem:
446 2527 543 2595 atque
578 2516 641 2577 cito
673 2516 876 2576 moriturum.

120 2615 290 2692 Siquidem
306 2615 339 2675 in
355 2615 470 2676 mortis
485 2613 622 2675 articulo
633 2613 764 2690 patebit,
779 2630 875 2690 quam

120 2713 217 2774 fallax
254 2712 314 2773 init
345 2712 452 2773 omnis
483 2712 585 2789 gratia
615 2711 744 2772 mundi:
779 2728 875 2788 quam

120 2811 219 2871 stulta
234 2810 364 2886 laetitia,
380 2810 451 2871 laus
466 2811 505 2870 ab
516 2809 705 2870 hominibus
720 2809 876 2886 quaesita.

166 3006 223 3066 DE
246 3005 387 3066 FIDELl
411 3002 463 3065 ET
485 3003 649 3066 VERACI
672 3003 831 3065 Amico,
886 3032 913 3074 25

364 3162 570 3212 CAPITVLVM
589 3162 634 3211 111.

120 3243 346 3464 &micus
361 3309 438 3360 tuus
453 3308 503 3359 est
519 3299 573 3376 qui
593 3299 625 3358 in
642 3300 712 3359 Deo
727 3307 759 3358 te
775 3307 875 3358 amat:

256 3406 289 3457 et
311 3407 442 3474 propter
457 3398 563 3457 Deum
587 3405 618 3457 te
636 3396 760 3456 tolerat.
788 3395 875 3456 Vere

117 3495 176 3556 ille
197 3495 322 3564 amicus
344 3496 401 3556 tibi
424 3505 488 3570 est,
510 3495 565 3572 qui
588 3495 726 3555 salutem
748 3493 876 3553 animae

478 3600 519 3642 ese
