2178 4186
244 449 325 503 &m
385 449 656 494 necomnertonrto
672 450 866 494 anllltn'rls
923 453 1004 506 m

247 582 348 642 Radix
370 582 525 645 virtutum
549 583 732 660 humilitas;
759 585 941 662 pretiosum
964 603 1003 646 ex

245 695 282 738 se
304 679 453 754 producit
467 680 693 742 oboedientiae
709 681 866 743 fructum:
890 693 923 743 et
938 700 1004 743 ma·
1076 753 1077 758 .

244 776 381 837 turescit
402 776 435 837 in
457 778 600 839 caritate.
633 777 684 840 Ad
706 796 820 840 verum
842 780 1003 841 humilem
1076 771 1077 794 ¹

245 882 370 950 spectat
397 876 547 951 proprios
575 876 724 938 defectus
753 877 938 953 respicere3
967 895 1004 938 se
1076 875 1077 946 i

221 973 352 1049 sipsum
367 973 529 1035 iudicare:
546 984 579 1035 et
594 974 646 1034 die
661 984 825 1052 noctuque
840 993 901 1035 sua
915 993 1004 1036 com·

245 1069 345 1130 missa
366 1071 498 1132 deflere.
535 1071 679 1132 Humilis
702 1072 801 1134 frater
821 1074 1003 1151 praelatum

244 1184 340 1228 suum
372 1185 438 1230 non
473 1168 612 1245 iudicat,
647 1186 689 1231 ne
721 1171 827 1230 Deum
858 1170 1002 1232 iudicem
1077 1199 1078 1208 κ

244 1265 403 1328 offendat:
418 1267 545 1328 socium
560 1284 626 1327 non
642 1267 820 1343 contristat,
834 1268 1002 1329 seniorem

244 1365 398 1440 honorat3
420 1365 648 1442 imperfectum
671 1367 796 1441 tolerat,
817 1382 875 1443 pro
899 1373 1004 1443 temp-

210 1470 309 1522 rotato
330 1471 416 1524 orat:
444 1463 607 1524 succurrit
634 1462 802 1541 indigenti.
845 1462 920 1522 Duo
943 1463 1004 1522 hu-

244 1559 339 1620 miles
360 1561 446 1621 bene
467 1563 681 1623 concordant:
703 1563 767 1623 duo
786 1560 920 1638 superbi
943 1579 1003 1638 pro
1077 1637 1078 1642 ἵ

242 1656 299 1717 vili
322 1657 419 1718 etiam
442 1675 477 1718 re
497 1658 707 1721 contendunt.
735 1660 844 1721 Verus
865 1658 1004 1719 humilis
1077 1683 1078 1712 l

244 1764 351 1831 potest
378 1773 495 1817 secure
523 1757 664 1833 laudari3
692 1756 769 1834 quia
798 1756 832 1817 in
863 1755 1003 1818 veritate

244 1852 390 1930 fragilem
413 1871 450 1914 se
465 1855 649 1931 cognoscit:
671 1864 703 1916 et
717 1864 830 1916 acutos
846 1854 909 1914 Dei
925 1871 1004 1915 ocu·
1077 1887 1078 1892 κ

210 1952 293 2013 ulos
324 1952 357 2012 in
388 1952 476 2012 omni
507 1952 591 2013 facto
622 1961 654 2013 et
683 1952 822 2029 cogitatu
853 1969 914 2012 suo
948 1969 1004 2013 ex·
1077 2013 1078 2016 ,

242 2050 397 2127 pavescit.
434 2050 575 2111 Multum
595 2051 681 2112 valet
702 2051 741 2111 ad
760 2049 1002 2111 humiliandum

243 2164 279 2208 se
301 2149 429 2208 occulta
449 2148 510 2207 Dei
533 2147 653 2209 iudicia
674 2147 807 2209 timere:
829 2157 862 2208 et
882 2147 923 2207 de
946 2164 1003 2208 ex-

243 2255 346 2306 tremo
363 2245 428 2305 line
443 2263 575 2322 semper
589 2245 740 2322 cogitare.
767 2243 854 2305 Vere
865 2244 1004 2306 humilis

244 2351 309 2402 estz
333 2359 431 2421 quem
454 2345 525 2404 laus
547 2344 690 2404 humana
711 2359 776 2404 non
798 2351 919 2402 movet.
963 2343 1004 2404 Et

206 2440 297 2517 coqui
320 2442 495 2502 caelestem
523 2440 659 2518 gloriam
688 2439 839 2502 attendit:
867 2455 1002 2500 omnem

242 2538 454 2614 temporalem
470 2540 629 2600 honorem
653 2537 792 2599 faciliter
809 2537 1002 2598 contemnit.

243 2635 309 2712 Qui
332 2645 440 2696 autem
462 2636 625 2713 propriam
647 2635 782 2713 gloriam
805 2635 941 2714 quaerit,
966 2634 1003 2696 in

242 2733 378 2795 veritate
388 2751 454 2794 non
465 2743 541 2795 stat:
554 2751 615 2795 nec
627 2736 733 2796 Deum
744 2733 889 2812 perfecte
900 2749 1004 2809 super

242 2830 352 2891 omnia
372 2841 467 2892 amat.
1078 2825 1079 2834 ’

205 2947 234 2991 25
284 2927 428 2990 Humilis
450 2930 613 3005 praelatus
628 2930 699 2991 Deo
722 2948 833 2992 carus:
856 2940 888 2992 et
909 2933 1000 2993 omni

243 3027 368 3086 honore
383 3026 510 3104 dignus.
541 3027 684 3088 Humilis
700 3027 866 3088 subditus:
881 3044 999 3105 magno

243 3121 387 3198 praemio
416 3125 624 3186 coronabitur
652 3125 685 3185 in
710 3125 820 3186 caelis.
862 3124 1001 3188 Sobrius

242 3229 274 3281 et
296 3230 422 3281 castus:
444 3223 633 3299 angelorum
655 3223 766 3284 socius
781 3234 814 3284 et
828 3225 999 3288 hominum

242 3317 354 3378 decus.
376 3317 442 3395 Qui
454 3320 576 3381 saeculi
586 3322 761 3382 tumultum
773 3322 1000 3399 fugitzcastior

205 3415 395 3480 aomanebit.
433 3418 580 3479 Devotus
602 3429 635 3480 et
655 3418 805 3480 internus
827 3421 925 3482 homo
947 3439 1000 3483 se·

243 3522 367 3573 cretum
404 3512 525 3590 diligit:
560 3523 596 3576 ut
626 3516 697 3576 Deo
728 3516 864 3578 liberius
894 3531 999 3582 vacet.

598 3618 641 3662 no
