2160 4194
248 443 368 496 &m
434 443 473 484 DE
489 442 668 486 ΙΜῙΤΑΤΙΟΝΕ
682 441 807 486 CHRISTI
885 443 997 496 mia)

249 576 456 637 cessitatibus
491 576 664 637 auxilietur
697 577 905 653 opportunis:
939 576 996 636 nisi

249 675 282 734 in
304 685 336 735 te
365 674 435 734 solo
459 675 529 734 Deo
559 692 642 735 meo.
684 673 732 734 Tu
761 691 798 734 es
827 691 903 750 spes
931 691 998 733 mea

249 781 283 832 tu
311 771 428 832 fiducia
456 789 545 832 mea:
574 783 608 833 tu
637 772 822 832 consolator
850 789 943 832 meus
970 782 998 830 et

250 868 461 929 fidelissimus
492 869 526 929 in
558 870 718 931 omnibus.
764 869 891 931 Omnes
922 885 998 946 quae

226 982 309 1026 ssua
331 976 407 1026 sunt
428 977 604 1044 quaerunt3
629 977 662 1028 tu
684 968 822 1027 salutem
845 976 999 1027 meamet

250 1064 432 1141 profectum
455 1082 564 1125 meum
582 1064 787 1125 solummodo
803 1064 999 1140 praetendis:

250 1170 282 1221 et
297 1161 406 1220 omnia
420 1161 453 1221 in
468 1162 590 1222 bonum
606 1161 686 1222 milri
697 1162 873 1222 convertis.
903 1161 998 1222 Etiam

250 1259 277 1317 si
300 1258 399 1318 variis
422 1259 687 1336 temptationibus
710 1269 741 1319 et
756 1259 999 1319 adversitatibus

251 1372 411 1432 exponas3
436 1357 498 1416 hoc
520 1365 622 1417 totum
645 1357 684 1416 ad
707 1356 877 1417 utilitatem
901 1373 998 1417 meam

217 1454 398 1514 roordinas:
430 1455 484 1531 qui
515 1455 604 1515 mille
632 1454 738 1514 modis
767 1453 904 1514 dilectos
932 1463 999 1514 tuos

251 1551 388 1627 probare
410 1552 621 1613 consuevisti.
665 1553 701 1612 ln
726 1568 789 1628 qua
817 1551 1000 1628 probatione

251 1665 317 1708 non
339 1649 448 1709 minus
471 1649 559 1725 diligi
576 1649 676 1709 debes
694 1659 725 1710 et
747 1648 887 1709 laudari:
910 1662 998 1725 quam

251 1746 278 1805 si
290 1746 486 1812 caelestibus
498 1747 775 1807 consolationibus
786 1763 839 1805 me
851 1746 1000 1822 repleres.

253 1844 288 1903 ln
304 1854 336 1904 te
351 1861 428 1920 ergo
440 1844 581 1903 Domine
593 1844 684 1904 Deus
699 1859 784 1919 pono
799 1854 898 1905 totam
914 1859 999 1920 spem

218 1962 242 2002 rs
252 1957 357 2000 meam
369 1951 401 2001 et
412 1941 573 2018 refugium
584 1959 591 2001 :
602 1941 635 2001 in
646 1951 678 2001 te
689 1958 819 2001 omnem
831 1940 1001 2002 tribulatio·

252 2055 327 2098 nem
350 2048 382 2099 et
403 2039 583 2114 angustiam
607 2055 712 2098 meam
731 2037 1002 2116 constituo;‚quia

252 2145 354 2195 totum
370 2135 535 2201 infirmum
552 2146 583 2196 et
594 2136 745 2197 instabile
758 2137 905 2197 invenio:
916 2135 1001 2212 quid·

253 2232 1003 2310 quidextrateconspicio.Nonenimproderunt

253 2330 344 2390 multi
374 2329 481 2406 amici,
509 2348 617 2407 neque
646 2331 748 2391 fortes
771 2331 930 2392 auxiliarii
954 2330 1003 2389 ad·

216 2447 243 2487 20
253 2427 365 2487 iuvare
376 2437 544 2503 poterunt:
560 2446 621 2489 nec
637 2429 815 2505 prudentes
831 2427 1002 2488 consiliarii

190 2598 192 2603 .
254 2542 447 2601 responsum
471 2526 550 2586 utile
567 2527 654 2602 dare,
676 2543 783 2603 neque
805 2526 878 2586 libri
901 2526 1004 2586 docto·

208 2640 215 2658 ·
254 2640 325 2682 rum
348 2624 527 2700 consolari3
556 2642 617 2685 nec
639 2625 747 2700 aliqua
770 2623 913 2700 pretiosa
934 2623 1005 2682 sub·

254 2721 371 2780 stantia
382 2720 530 2797 liberare,
545 2739 605 2781 nec
621 2721 713 2781 locus
728 2721 846 2798 aliquis
862 2729 1005 2780 secretus

255 2828 286 2878 et
317 2835 475 2878 amoenus
506 2819 685 2879 contutari:
716 2819 744 2878 si
776 2827 810 2878 tu
842 2817 913 2894 ipse
943 2833 1004 2876 non

218 2915 389 2976 asassistas
425 2916 518 2976 iuves
550 2916 715 2976 confortes
751 2914 932 2975 consoleris
962 2913 1005 2972 in·

255 3024 362 3072 struas
377 3023 409 3073 et
424 3014 598 3074 custodias.
628 3012 748 3075 Omnia
769 3029 910 3089 namque
927 3027 1006 3088 quae

255 3110 294 3169 ad
325 3127 438 3187 pacem
470 3111 622 3171 videntur
652 3128 727 3171 esse
761 3121 792 3171 et
824 3110 1005 3170 felicitatem

255 3207 454 3283 habendam3
483 3220 514 3268 te
537 3208 671 3269 absente
696 3207 776 3268 nihil
799 3217 892 3267 sunt:
917 3205 1007 3266 nihil·

256 3322 320 3380 que
336 3305 500 3366 felicitatis
515 3306 548 3366 in
560 3307 696 3367 veritate
707 3305 890 3366 conferunt.
923 3304 1006 3365 Finis

219 3419 333 3478 aoergo
356 3403 501 3463 omnium
524 3403 684 3463 bonorum
708 3413 740 3464 et
760 3403 894 3464 altitudo
917 3403 1007 3476 vitae,

257 3509 289 3559 et
317 3499 520 3575 profunditas
550 3501 754 3576 eloquiorum
784 3512 818 3560 tu
843 3517 895 3560 es:
925 3510 956 3560 et
976 3499 1006 3558 in
