2160 4194
206 430 246 481 (ἢ
271 428 413 471 LIBELLVS
430 429 468 470 DE
485 428 659 471 DISCIPLINA
675 428 902 472 CLAVSTRALIVM
923 431 967 483 ζῶ

208 624 254 682 De
271 622 579 684 recommendatione
597 625 699 684 cellae
718 629 750 684 et
767 624 965 686 solitudinis.

444 797 650 848 CAPITVLVNI
668 799 725 848 VII.

208 892 369 1123 Qvi
393 951 508 1011 cellam
537 961 622 1012 amat
648 961 681 1012 et
709 951 849 1014 libenter
870 954 904 1014 in
925 972 966 1016 ea

350 1059 585 1112 commoratur:
608 1050 752 1111 amultis
767 1052 911 1127 peccatis
932 1063 966 1114 et

186 1146 475 1225 stemptationibus
485 1146 676 1208 custoditur.
697 1148 827 1225 Quanto
843 1150 967 1210 studio-

209 1247 280 1308 sius
290 1245 503 1306 inhabitatur:
520 1253 608 1306 tanto
623 1246 697 1322 plus
712 1246 818 1321 placet
832 1256 866 1307 et
881 1265 967 1308 ama·

210 1354 271 1404 tur.
320 1343 451 1420 Quanto
480 1343 706 1420 neglegentius
737 1353 905 1420 servatur,
933 1355 968 1406 et

210 1440 316 1501 rarius
337 1440 490 1501 intratur:
519 1449 607 1500 tanto
629 1440 732 1517 magis
753 1441 907 1502 horretur
934 1451 967 1502 et

211 1537 384 1601 fastiditur.
427 1538 519 1598 Bene
548 1537 595 1599 illi
624 1537 679 1614 qui
709 1554 779 1598 eam
809 1539 914 1617 diligit
934 1550 968 1601 et

178 1635 339 1700 toincolit:
368 1635 445 1711 qula
466 1635 576 1696 unctio
599 1635 739 1712 Spiritus
763 1638 867 1698 sancti
891 1655 966 1700 eum

211 1732 349 1795 docebit.
392 1733 531 1808 Beatus,
560 1732 611 1792 cui
641 1733 822 1794 inhabitare
851 1736 968 1796 cellam

211 1831 365 1892 donatum
388 1840 453 1892 est:
476 1830 585 1907 etqui
608 1847 713 1907 usque
729 1831 767 1890 ad
790 1832 967 1892 terminum

211 1927 297 1988 vitae
319 1944 398 1988 suae
420 1927 453 1988 in
477 1945 515 1988 ea
536 1938 734 2004 perseverat.
762 1929 831 1989 Vae
849 1929 896 1990 illi
913 1929 968 2006 qui

211 2026 275 2087 levi
299 2025 473 2086 occasione
495 2042 566 2085 eam
589 2025 728 2101 deserit,
749 2035 781 2085 et
803 2024 855 2086 cui
879 2037 971 2087 extra

179 2141 345 2188 remanere
376 2124 498 2199 placet:
529 2122 605 2199 quia
627 2122 690 2184 cito
712 2124 908 2201 seducetur,
938 2137 971 2187 et

212 2221 374 2298 capietur,
403 2230 436 2280 et
463 2220 619 2280 laedetur.
665 2219 761 2282 Multi
790 2221 868 2297 quia
896 2240 969 2283 eam

212 2319 360 2380 studiose
395 2335 460 2378 uon
491 2318 733 2378 custodierunt:
768 2334 827 2393 per
862 2304 971 2380 varias

213 2417 404 2478 occasiones
426 2415 512 2476 inter
526 2415 649 2475 saeculi
665 2415 810 2477 actiones
832 2417 970 2492 proiecti

214 2524 343 2576 suntet
365 2514 450 2574 male
472 2512 649 2589 perierunt.
688 2513 763 2573 Heu
781 2513 868 2589 quod
891 2525 971 2575 tam-

177 2612 268 2676 eodiu
291 2611 323 2672 in
346 2628 386 2671 ea
407 2627 620 2686 perseverare
644 2610 972 2687 nequimustdonec

215 2710 355 2770 Fructum
372 2718 534 2769 maturum
551 2725 591 2770 ex
606 2725 645 2769 ea
659 2707 889 2785 percipiamus.
917 2709 972 2770 Sic

214 2824 251 2867 se
279 2808 382 2866 homo·
409 2806 543 2868 deberet
571 2816 700 2866 tenere:
729 2806 821 2883 quasi
850 2806 973 2867 cotidie
1071 2799 1072 2818 ¹

215 2904 321 2965 iturus
342 2903 375 2963 in
398 2903 620 2979 sepulchrum.
663 2903 746 2964 Nam
768 2903 822 2965 tali
845 2904 971 2964 homini

214 3017 279 3062 non
303 3011 354 3061 est
368 3001 450 3060 cella
472 2999 655 3061 fastidium:
677 3001 736 3061 sed
758 3000 848 3076 pacis
870 3000 973 3062 domi·

177 3122 205 3164 25
215 3097 337 3159 cilium.
380 3098 418 3158 Et
440 3098 525 3158 sicut
546 3098 652 3158 stabili
671 3098 795 3159 homini
818 3100 901 3159 cella
923 3109 974 3160 est

214 3195 974 3274 paradisus:itavagocarcervideturetcippus.
1071 3271 1072 3288 ἵ

216 3294 345 3353 Bonum
374 3302 483 3353 tamen
506 3302 556 3353 est
581 3303 614 3354 et
643 3293 819 3356 laudabile:
848 3293 975 3370 siquis

215 3389 294 3450 velit
314 3390 358 3450 ibi
381 3400 513 3466 propter
535 3391 642 3450 Deum
668 3390 807 3452 libenter
829 3391 975 3453 incarce·
1071 3393 1072 3472 l

215 3488 289 3549 rari.
320 3488 402 3548 Nam
419 3489 531 3565 plures
546 3489 650 3568 sancti
666 3499 826 3566 martyres
842 3501 978 3566 propter
1071 3505 1072 3582 l
