2142 4194
97 457 383 511 ffiifflfflffim
457 457 505 500 112
576 457 857 511 mm

193 653 251 712 DE
275 652 434 713 HVMILI
458 651 766 714 SVBMISSIONE.

351 825 556 875 CAPITVLVM
574 825 607 875 11.

98 921 265 1138 Q&
287 979 394 1057 magni
417 980 540 1056 pendas
569 979 643 1057 quis
670 998 728 1056 pro
750 989 782 1040 te
804 981 856 1040 vel

231 1088 344 1138 contra
365 1087 397 1138 te
412 1077 470 1138 sit:
492 1078 551 1138 sed
571 1079 634 1137 hoc
649 1095 707 1154 age
723 1088 754 1139 et
769 1096 856 1153 cura,

98 1185 133 1236 ut
149 1176 241 1236 Deus
256 1186 365 1235 tecum
380 1175 423 1236 sit
444 1175 581 1235 inomni
602 1192 638 1236 re
653 1193 749 1252 quam
766 1176 879 1236 facias

99 1273 232 1333 Habeas
261 1271 495 1333 conscientiam
530 1273 666 1334 bonam:
702 1282 733 1333 et
765 1275 856 1334 Deus

97 1370 183 1430 bene
198 1379 230 1430 te
245 1370 437 1431 defensabit.
467 1370 575 1447 Quem
592 1371 679 1430 enim
696 1371 787 1431 Deus
802 1371 855 1431 ad·

96 1468 212 1528 iuvare
222 1469 376 1529 voluerit:
391 1468 514 1528 nullius
526 1469 725 1545 perversitas
736 1486 855 1529 nocere

96 1565 226 1643 poterit.
256 1564 289 1625 Si
311 1574 346 1626 tu
368 1565 435 1624 scis
456 1575 564 1626 tacere
580 1575 611 1626 et
626 1567 707 1641 pati:
729 1566 855 1626 videbis

95 1664 212 1740 procul
227 1662 325 1723 dubio
340 1662 496 1722 auxilium
508 1663 650 1723 Domini.
677 1663 750 1738 lpse
765 1663 855 1723 novit
867 1682 891 1723 io

95 1771 228 1837 tempus
257 1769 289 1820 et
310 1761 442 1820 modum
464 1761 622 1820 liberandi
650 1770 698 1821 te:
728 1771 760 1821 et
781 1761 855 1821 ideo

3 1887 5 1894 >
94 1868 128 1919 te
145 1858 246 1918 debes
267 1857 313 1916 illi
329 1856 506 1933 resignare.
536 1859 597 1918 Dei
619 1869 669 1919 est
684 1859 855 1919 adiuvare:

95 1967 129 2016 et
158 1957 197 2016 ab
220 1955 308 2015 omni
337 1955 532 2016 conlusione
558 1956 706 2016 liberare.
750 1955 854 2033 Saepe

94 2054 192 2114 valde
220 2054 352 2130 prodest
382 2054 422 2113 ad
450 2054 607 2115 maiorem
638 2054 853 2114 humilitatem

94 2152 310 2212 servandam:
341 2152 427 2228 quod
458 2151 606 2212 defectus
637 2159 768 2211 nostros
799 2150 852 2210 alii
865 2168 889 2209 15

94 2249 206 2310 sciunt
227 2259 260 2310 et
281 2251 487 2327 redarguunt.
516 2250 657 2327 Quando
679 2251 777 2309 homo
795 2265 852 2324 pro

94 2348 280 2408 delectibus
302 2348 372 2408 suis
393 2365 430 2408 se
445 2349 594 2409 humiliat
616 2357 693 2408 tunc
716 2348 854 2409 faciliter

93 2445 177 2506 alios
200 2445 320 2520 placat:
343 2455 376 2506 et
396 2446 514 2507 leviter
527 2445 686 2506 satisfacit
708 2446 769 2505 sibi
793 2446 852 2506 ira·

93 2542 274 2603 scentibus.
326 2544 493 2605 Humilem
526 2544 617 2603 Deus
649 2544 786 2621 protegit
822 2553 853 2604 et

93 2639 226 2700 liberat:
262 2640 420 2701 humilem
456 2641 559 2719 diligit
595 2651 627 2702 et
657 2643 889 2702 consolatur.2o

94 2738 220 2798 Humili
237 2737 362 2798 homini
374 2755 410 2798 se
426 2738 576 2814 inclinat;
592 2738 708 2798 humili
719 2738 853 2814 largitur

93 2837 228 2912 gratiam
245 2852 407 2912 magnam:
424 2847 456 2896 et
470 2846 543 2912 post
559 2853 651 2896 suam
669 2836 852 2912 depressio-

95 2951 168 2995 nem
184 2935 273 2995 levat
287 2934 327 2992 ad
341 2935 486 3011 gloriam.
511 2935 636 2995 Humili
652 2952 711 2996 sua
726 2945 852 2996 secreta

94 3034 233 3093 revelat:
263 3041 295 3092 et
324 3033 364 3092 ad
392 3049 428 3093 se
457 3032 595 3093 dulciter
622 3033 721 3094 trahit
749 3044 780 3094 et
804 3033 851 3093 in-

94 3129 179 3190 vitat.
223 3129 369 3190 Humilis
393 3140 526 3207 accepta
554 3130 749 3190 confusione
772 3130 888 3190 satiszs

94 3227 175 3288 bene
205 3237 257 3288 est
286 3227 319 3288 in
343 3245 439 3305 pace:
467 3228 544 3305 quia
572 3238 635 3288 stat
663 3228 695 3287 in
719 3229 790 3288 Deo
820 3237 852 3288 et

95 3325 213 3385 nonin
244 3326 377 3386 mundo.
421 3327 495 3386 Non
521 3336 654 3402 reputes
676 3336 707 3386 te
729 3326 851 3403 aliquid

96 3422 291 3497 proiecisse:
323 3422 387 3482 nisi
419 3423 571 3483 omnibus
600 3424 789 3484 inferiorem
818 3433 850 3483 te

95 3535 166 3580 esse
187 3521 324 3581 sentiae.

460 3627 488 3667 aa
