2178 4186
287 445 326 488 DE
342 445 579 489 necocnlrlorte
595 447 744 490 Propriae
760 448 968 492 rmsstlrrnrls

250 595 321 639 rum
343 596 477 640 suorum
502 579 754 641 foetidissimum
776 580 915 642 cadaver
936 591 1001 642 tan·

248 687 349 754 geret,
370 687 425 739 aut
446 679 549 738 lutum
572 677 776 739 immundum
792 678 1001 739 revolveret?

249 774 367 836 Nonne
396 776 503 838 statim
528 777 768 838 confusibiliter
789 777 1001 852 expellendus

247 882 352 950 esset3
383 883 437 935 aut
468 874 564 935 etiam
597 873 719 934 carceri
741 873 936 948 tradendus,
963 874 1001 934 ab

223 970 399 1031 somnibus
423 971 648 1034 iudicaretur?
689 971 737 1032 Tu
759 989 796 1032 es
816 989 876 1048 pro
898 973 1003 1048 pudor

246 1069 365 1128 stultus
400 1068 472 1131 ille:
508 1071 562 1147 qui
598 1069 776 1147 pessimam
811 1070 895 1130 hanc
932 1087 1000 1130 rem

247 1165 363 1226 iecisti.
405 1165 488 1226 Nam
511 1156 589 1228 ecce
610 1167 643 1227 in
666 1167 849 1244 praesentia
871 1167 1000 1228 divinae

245 1263 434 1341 maiestatis
456 1274 488 1325 et
503 1274 690 1325 sanctorum
706 1265 895 1342 angelorum
912 1265 999 1325 eius:

245 1378 382 1437 peccare
397 1378 462 1421 non
478 1361 626 1424 timuisti.
656 1362 761 1423 Multa
775 1362 871 1422 etiam
889 1361 999 1423 illicita

211 1479 236 1520 10
246 1460 469 1536 phantasmata
490 1460 633 1520 versaris
656 1478 739 1538 quae
763 1459 923 1520 citissime
951 1477 999 1520 re-

245 1573 364 1632 spuere
386 1558 542 1618 deberes:
564 1567 596 1618 et
617 1557 789 1635 plusquam
811 1557 917 1617 lutum
935 1558 998 1633 pla-

245 1665 369 1714 tearum
392 1654 555 1716 detestari.
597 1655 736 1732 Insuper
757 1655 919 1732 permittis
945 1673 999 1716 cor

244 1761 335 1812 tuum
365 1752 398 1813 in
427 1769 525 1814 omne
547 1769 650 1829 paene
679 1753 847 1814 saeculum
872 1754 998 1830 vagari3

243 1849 340 1910 etiam
363 1858 510 1926 tempore
526 1849 682 1910 orationis
697 1859 729 1910 et
750 1851 783 1911 in
807 1850 878 1910 loco
894 1868 998 1925 sacro,

209 1970 234 2010 ιε
244 1947 297 2008 ubi
320 1964 394 2008 cum
418 1948 531 2009 maiori
554 1949 738 2009 reverentia
759 1957 791 2008 et
815 1947 997 2009 sollicitiori

242 2045 420 2106 attentione
431 2045 554 2106 iuberis
565 2045 737 2107 assistere:
753 2062 789 2105 ac
805 2043 866 2105 soli
879 2046 952 2106 Deo
967 2055 998 2107 et

243 2143 298 2203 tibi
311 2143 372 2218 ipsi
385 2142 573 2203 llrmissime
584 2160 710 2203 vacare.
732 2143 908 2220 Quomodo
920 2161 996 2222 ergo

242 2240 338 2316 digne
361 2240 520 2301 dicendus
542 2258 579 2301 es
601 2241 792 2318 religiosus3
813 2251 878 2302 tam
901 2243 997 2320 longe

242 2355 260 2398 a
275 2339 345 2398 Deo
368 2348 400 2398 et
416 2355 434 2397 a
449 2338 547 2398 corde
569 2348 625 2399 tuo
640 2339 848 2399 abstractus?
877 2339 997 2401 Nonne
1070 2381 1071 2390 η

204 2445 373 2512 zopropter
403 2445 457 2496 tua
487 2434 597 2512 gravia
632 2445 664 2495 et
694 2434 794 2496 multa
828 2435 998 2513 demerita,

241 2535 330 2594 velut
352 2533 442 2593 canis
467 2533 656 2593 immundus
677 2532 858 2593 meruisses
880 2550 898 2592 a
921 2551 997 2595 con·

241 2640 340 2691 ventu
356 2640 543 2692 sanctorum
560 2631 694 2691 fratrum
710 2631 839 2708 expelli,
854 2648 891 2692 ac
905 2632 996 2693 duns

241 2728 518 2805 increpationibus
547 2729 713 2807 castigari3
741 2739 777 2790 ut
801 2728 894 2789 fieret
916 2729 995 2790 ultio

240 2826 281 2887 de
296 2825 439 2887 inimicis
454 2827 551 2904 regie,
566 2844 664 2903 quem
675 2826 841 2887 offendisti
852 2827 996 2902 peccatis

204 2942 337 3002 osquam
368 2924 534 3001 plurimis,
562 2942 624 2986 nec
652 2925 758 2985 adhuc
781 2940 918 3001 peccare
943 2923 996 2984 de-

240 3022 357 3082 sistis?
404 3022 468 3083 Sed
497 3039 516 3082 o
545 3031 664 3099 quanta
692 3031 742 3082 est
770 3019 996 3081 misericordia

241 3119 302 3179 Dei
314 3136 414 3195 super
428 3129 459 3181 te
471 3121 569 3180 homo
580 3118 779 3194 miserrime;
794 3118 882 3195 quod
897 3117 994 3178 etiam

238 3227 311 3292 post
339 3226 444 3277 tantas
474 3215 676 3277 offensiones
701 3215 821 3291 patitur
848 3224 881 3275 te
903 3215 994 3275 Deus

238 3314 271 3373 in
294 3315 354 3374 hac
377 3315 450 3374 luce
472 3313 601 3374 vivere:
630 3322 662 3374 et
683 3330 742 3389 pro
769 3311 867 3374 tantis
890 3312 995 3387 malis,

201 3421 302 3476 aotam
326 3412 426 3472 multa
447 3412 532 3470 bona
560 3409 694 3487 largitur
723 3410 856 3487 indigno
886 3421 918 3471 et
947 3411 993 3471 in·

238 3516 338 3583 grato.
381 3507 414 3568 Si
438 3509 512 3584 quis
534 3509 567 3568 in
591 3507 707 3569 faciem
729 3518 817 3569 tuam
840 3509 993 3585 spuisset,

595 3613 637 3654 aoo
