2156 4168
391 413 557 467 Epilegomeuu.

97 545 168 620 Opt.
189 546 276 605 Max.
298 547 430 605 conatui
458 551 565 606 nostro
581 548 734 622 fauente,
763 547 852 621 apud

100 626 189 685 Viros
209 625 361 700 optimos,
390 626 426 686 D.
448 625 584 686 Martini
611 627 774 701 religiosos
795 626 851 686 Lo-

96 706 199 777 uanii,
221 722 293 766 cum
310 706 534 766 bibliothecam
549 722 657 766 eorum
673 707 850 777 lustrarem,

94 787 176 846 duos
204 786 301 845 huius
328 787 474 846 authoris
506 784 631 857 Tomos,
663 787 695 846 ὃ
722 787 851 862 quidem

90 866 225 942 propria
245 867 315 927 eius
330 883 429 926 manu
443 867 646 941 conscriptos,
669 867 759 926 iuxta
779 883 850 942 syn-

92 947 558 1022 grapham&testificationem
566 947 710 1022 plurium
720 949 851 1008 Patrum

93 1027 236 1086 eiusdem
258 1027 388 1086 ordinis.

136 1108 173 1167 ln
196 1123 292 1183 quam
314 1117 438 1184 partem
454 1109 535 1167 haec
553 1107 666 1168 ultima
679 1108 779 1167 verbu
801 1125 851 1167 ac·

93 1187 246 1263 cipienda
273 1188 355 1263 sint,
384 1187 542 1248 discimus
571 1205 589 1248 e
611 1187 627 1263 S
650 1188 678 1248 11
709 1187 851 1248 Certissi-

95 1283 218 1327 morum
233 1265 503 1338 Testimoniorum,
519 1285 657 1344 quorum
669 1269 850 1328 secundum

93 1348 128 1408 in
141 1348 193 1408 R2
204 1347 251 1407 sic
263 1349 372 1410 habet:
384 1348 522 1423 Louanij
531 1348 619 1423 apud
626 1348 852 1408 Mantinienses

92 1429 194 1488 etiam
215 1433 364 1488 seruatur
383 1428 480 1489 codex
494 1428 529 1488 in
543 1433 573 1487 8.
588 1428 685 1487 trium
701 1429 851 1489 librorum

92 1508 339 1579 de,imitaiione
351 1508 488 1579 Christi‘,
504 1513 620 1583 quarto
633 1509 760 1580 omisso,
776 1509 852 1584 aliis

93 1589 166 1649 eius
188 1588 358 1663 Opusculis
386 1588 419 1649 in
442 1587 546 1648 medio
575 1589 711 1650 insertus
718 1605 730 1659 ;
758 1606 851 1664 quem

94 1670 233 1728 Ioannes
248 1669 455 1740 Vlimmerius,
471 1669 561 1728 itlius
574 1669 651 1728 olim
666 1669 852 1744 monasterii

93 1749 200 1819 Prior,
231 1754 367 1809 testatur
384 1765 419 1809 se
440 1753 516 1808 unte
537 1750 654 1809 multos
675 1765 779 1810 annos
800 1767 852 1810 ac·

93 1829 216 1903 cepisse
229 1846 250 1888 a
264 1830 427 1889 Fratribus
441 1829 562 1889 Montis
576 1828 608 1890 S.
623 1829 755 1904 Agnetis
762 1846 775 1900 ;
795 1830 852 1905 qai

94 1910 305 1986 affirmabant
329 1926 401 1969 eum
425 1926 524 1969 mauu
545 1909 692 1970 Auctoris
717 1908 852 1971 Thomae

94 2007 116 2049 a
139 1990 268 2065 Kempis
294 1990 464 2065 scriptum,
491 1990 538 2050 vti
563 2005 622 2064 per
647 1990 851 2051 traditionem

94 2071 283 2131 continuam
304 2088 326 2130 a
343 2070 516 2130 maioribus
536 2069 605 2130 suis
625 2070 766 2131 eiusdem
788 2087 851 2130 mo·

95 2151 230 2226 hasterij
250 2151 413 2210 Fratribus
434 2155 630 2225 acceperant.

137 2229 245 2307 Atque
261 2231 348 2291 illam
364 2230 625 2291 testificationem
639 2240 786 2307 apertum
803 2240 852 2292 est

95 2311 266 2388 adprobari
283 2311 364 2370 aRi
383 2329 413 2387 p.
422 2314 483 2370 395
494 2315 556 2387 sq.¹
574 2313 654 2371 haec
672 2312 852 2372 scribente:

94 2392 163 2452 Nec
191 2392 289 2452 codex
309 2391 521 2451 Louaniensis
548 2390 579 2452 S.
601 2392 737 2452 Martini
757 2389 852 2471 [Ant-

94 2472 263 2546 oerpiensi,
285 2472 319 2531 id
339 2476 387 2532 est
399 2469 445 2550 Α]
466 2471 662 2546 antiquitate
683 2472 775 2543 cedit,
797 2473 854 2547 qui

95 2552 238 2613 eiusdem
260 2552 401 2612 auctoris
417 2568 516 2611 manu
530 2552 667 2626 scriptus
680 2558 746 2623 est;
767 2554 853 2628 quod

96 2633 129 2692 fn
144 2632 227 2692 idem
242 2632 416 2702 character,
437 2632 567 2691 eaedem
586 2632 852 2704 abbreuiutiones,

96 2713 223 2772 &idem
231 2728 291 2787 per
299 2713 408 2772 omnia
419 2716 583 2772 contextus
594 2713 854 2789 manifestissime

93 2793 253 2868 probant;
274 2802 306 2852 et
327 2809 357 2868 p.
371 2796 466 2852 345²:
489 2792 539 2852 Aa
559 2792 624 2853 duo
645 2793 744 2868 igitur
762 2799 853 2854 auto-

94 2874 218 2948 grapha
259 2873 384 2933 libellos
417 2872 475 2933 hos
511 2888 618 2932 rursus
654 2874 853 2948 comparaui,

95 2953 854 3028 superfluaresecui,supposititiaremoui,mule

97 3038 243 3094 contorta
273 3033 415 3108 reposui,
447 3038 542 3092 etex
569 3048 677 3092 eorum
706 3034 854 3094 concordi

91 3115 161 3190 fide
182 3114 292 3173 omniu
314 3113 459 3188 expressi.

140 3194 230 3253 Haec
258 3194 403 3254 virorum
432 3210 636 3253 summorum
665 3204 854 3270 argumenta

98 3274 159 3335 etsi
182 3291 248 3334 non
270 3292 353 3351 nego
368 3291 515 3351 magnam
532 3290 608 3349 prae
624 3291 660 3334 se
681 3274 767 3334 ferre
782 3291 853 3350 pro-

101 3422 256 3429 ..---—..

139 3503 148 3531 ι
163 3521 188 3537 „-
203 3514 226 3555 ρ.
241 3503 268 3543 40
282 3501 361 3555 (1621).

456 3581 496 3623 473
