2138 4196
68 481 346 536 dmm
414 480 476 522 1112
540 479 822 533 mmm?

70 634 182 677 cruces
210 615 389 677 invenerit:
418 613 495 692 quia
522 614 609 674 exilii
639 614 689 674 sui
716 631 821 690 poena

69 713 168 791 magis
190 731 230 774 ex
252 730 363 772 amore
385 711 513 772 crescit.

106 812 170 874 Sed
181 822 291 873 tamen
302 811 364 871 iste
374 810 422 870 sic
433 809 656 886 multipliciter
670 809 820 885 afflictus,

68 928 131 970 non
147 910 285 971 estsine
300 908 462 969 levamine
477 907 726 968 consolationis:
746 907 822 985 quia

68 1007 208 1069 fructum
230 1007 407 1068 maximum
429 1005 491 1066 sibi
514 1005 613 1067 sentit
631 1022 844 1066 accrescere:

67 1123 105 1165 ex
133 1105 326 1166 sufferentia
354 1122 435 1165 suae
462 1104 579 1165 crucis.
629 1104 712 1164 Nam
743 1103 819 1162 dum

67 1213 181 1279 sponte
204 1220 241 1264 se
263 1203 309 1262 illi
332 1202 466 1262 subicit:
495 1218 592 1262 omne
616 1218 700 1261 onus
721 1201 821 1261 tribu·

67 1301 196 1361 lationis
218 1301 251 1360 in
275 1300 425 1361 liduciam
441 1299 570 1360 divinae
588 1298 821 1360 consolationis

67 1397 275 1459 convertitur.
305 1398 344 1457 Et
358 1407 478 1475 quanto
496 1415 571 1457 caro
586 1396 689 1473 magis
704 1413 762 1472 per
776 1395 821 1455 al·

67 1495 243 1556 dictionem
254 1496 418 1557 atteritur:
432 1504 521 1555 tanto
536 1494 671 1570 spiritus
681 1494 821 1571 amplius
834 1514 858 1555 ro

65 1611 123 1669 per
144 1594 306 1654 internam
327 1593 461 1670 gratiam
480 1593 658 1654 roboratur.
688 1593 727 1654 Et
742 1611 821 1654 non·

66 1708 244 1768 numquam
255 1691 288 1750 in
298 1700 423 1752 tantum
435 1690 635 1751 confortatur
650 1708 689 1751 ex
702 1691 820 1751 affectu

65 1789 283 1850 tribulationis
311 1799 344 1849 et
374 1789 579 1848 adversitatis
607 1789 647 1848 ob
676 1806 820 1849 amorem

65 1886 302 1949 conformitatis
324 1886 432 1946 crucis
455 1885 598 1947 Christi:
627 1895 662 1946 ut
690 1904 727 1946 se
749 1886 821 1946 sine

64 1985 177 2044 dolore
206 1992 239 2043 et
266 1983 475 2044 tribulatione
503 2000 578 2043 esse
609 2001 675 2044 non
706 1985 858 2060 vellet315

64 2083 218 2160 quoniam
235 2092 323 2143 tanto
339 2099 375 2142 se
390 2082 607 2159 acceptiorem
619 2083 689 2141 Deo
706 2081 821 2141 credit:

64 2191 185 2258 quanto
208 2181 301 2256 plura
322 2190 354 2240 et
374 2180 523 2256 graviora
545 2197 603 2256 pro
621 2196 660 2240 eo
675 2178 822 2256 perferre

64 2278 215 2355 potuerit.
259 2278 334 2337 Non
363 2286 414 2336 est
442 2277 528 2346 istud
550 2277 694 2338 hominis
718 2277 822 2337 virtus

64 2377 121 2436 sed
143 2376 246 2453 gratia
269 2374 409 2436 Christi:
438 2393 521 2452 quae
549 2385 637 2436 tanta
663 2385 770 2452 potest
792 2385 823 2436 et

64 2475 127 2551 agit
148 2475 183 2534 in
206 2491 304 2534 carne
327 2472 449 2550 iragili3
471 2482 505 2534 ut
527 2474 613 2550 quod
634 2473 859 2537 naturaliterao

64 2589 196 2649 semper
226 2572 379 2632 abhorret
407 2582 440 2632 et
471 2571 567 2648 fugit:
599 2573 662 2631 hoc
693 2571 822 2632 fervore

64 2671 199 2746 spiritus
229 2670 434 2747 aggrediatur
460 2680 492 2730 et
513 2669 632 2747 diligat.
676 2670 750 2730 Non
773 2680 823 2730 est

63 2767 247 2828 secundum
261 2767 427 2827 hominem
444 2785 575 2828 crucem
591 2776 729 2843 portare,
752 2785 822 2827 cru-

64 2882 132 2926 cem
156 2882 285 2941 amare3
307 2881 426 2940 corpus
447 2865 606 2941 castigare
626 2875 658 2925 et
673 2866 821 2926 servituti

63 2964 232 3024 subicere:
268 2964 411 3024 honores
441 2963 571 3040 lugere,
607 2964 859 3027 contumeliaszs

63 3061 204 3121 libenter
232 3061 415 3137 sustinere3
444 3078 481 3121 se
510 3061 618 3138 ipsum
642 3061 823 3139 despicere,

63 3167 93 3218 et
115 3157 242 3234 despici
265 3168 393 3234 optare:
418 3159 556 3218 adversa
577 3175 726 3236 quaeque
748 3177 822 3220 cum

63 3256 190 3317 damnis
213 3256 357 3332 perpeti,
383 3264 415 3315 et
437 3256 518 3316 nihil
542 3257 766 3333 prosperitatis
789 3258 822 3319 in

63 3355 123 3413 hoc
146 3353 270 3413 mundo
299 3353 496 3413 desiderare.
539 3352 573 3413 si
596 3354 635 3413 ad
660 3365 692 3415 te
714 3355 821 3432 ipsum

64 3451 218 3529 respicis:
247 3451 329 3510 nibil
359 3451 545 3512 huiusmodi
569 3461 662 3512 exte
689 3453 858 3528 poterisao

65 3547 126 3609 Sed
155 3548 241 3608 siin
264 3547 406 3608 Domino
428 3548 582 3625 confidis,
611 3549 739 3612 dabitur
762 3549 819 3610 tibi

429 3655 456 3696 as
