2178 4186
403 458 567 512 Epilegomena.

149 590 257 667 Quam
268 590 475 651 donationem
487 607 505 649 a
516 590 647 650 Bellero
659 591 774 650 iactam
786 605 862 650 esse

107 680 254 747 petente,
282 680 317 730 ut
345 688 385 730 ex
406 672 605 746 autographo
627 670 689 730 sibi
717 670 863 731 excribe-

106 760 198 811 retur
226 754 445 828 apographum
456 755 474 826 ¹,
501 751 689 811 testimonio
716 767 862 827 compro-

107 832 203 891 batur
230 832 264 891 in
292 831 408 908 pagina
429 831 558 891 titulum
588 831 741 892 editionis
762 831 791 890 D
811 848 862 891 se·

107 922 229 990 quente
250 912 303 972 his
325 912 435 972 verbis
457 921 632 987 concepto:

375 1005 599 1068 Testimonium

202 1090 249 1149 De
269 1089 364 1150 huius
385 1087 532 1149 Auctoris
552 1087 768 1164 Autographo.

148 1171 214 1245 Ego
247 1169 399 1244 Georgius
428 1169 550 1240 Duras,
585 1169 700 1230 Rector
729 1169 863 1246 Collegi}¹

107 1250 278 1311 Societatis
291 1251 361 1310 Iesu
376 1249 588 1325 Antwerpiae,
604 1253 716 1327 fateor
730 1250 790 1310 hoe
803 1251 863 1310 Ex-

107 1331 247 1406 emplum
285 1347 323 1390 ex
360 1330 429 1405 ipso
463 1329 670 1405 Autographo
700 1329 862 1402 Authoris,

107 1411 195 1486 quod
216 1428 236 1470 a
257 1411 294 1470 D.
309 1411 398 1471 Ioan.
413 1411 538 1470 Bellero
559 1410 645 1470 douo
666 1411 776 1486 accepi
796 1427 864 1471 esse

106 1492 319 1567 desumptum,
335 1508 374 1551 ac
387 1490 503 1551 deinde
510 1493 605 1567 saeta
615 1491 793 1563 relectione,
806 1507 866 1567 per

106 1572 218 1632 omnia
239 1571 441 1631 emendatum
470 1586 541 1631 cum
562 1569 769 1647 Autographo
790 1588 863 1632 con-

108 1652 226 1712 uenire.

320 1732 370 1791 Ita
392 1736 440 1791 est

398 1811 550 1887 Georgius
570 1812 684 1871 Duras.

107 1919 205 1986 atque
227 1909 363 1986 perinde
386 1909 545 1986 Gasparis
568 1910 690 1970 Belleri
719 1909 753 1970 in
777 1911 864 1971 eius·

108 1990 182 2051 dem
198 1989 352 2051 editionis
367 1990 406 2051 ad
416 1991 572 2050 lectorem
584 1991 785 2066 praefatione
795 1991 863 2052 his:

148 2131 155 2146 .
172 2131 179 2146 .
195 2131 202 2145 .
215 2087 343 2162 placuit
362 2088 497 2148 eundem
520 2087 553 2163 [i.
568 2104 597 2148 e.
614 2088 664 2147 De
680 2088 863 2149 imitatione

108 2167 249 2244 Christi]
265 2168 420 2228 Libellum
435 2168 478 2227 ad
494 2168 667 2242 Exemplar
679 2170 864 2245 transscrip-

107 2253 175 2307 tum
202 2248 234 2308 fe
255 2249 408 2309 collatum
430 2264 451 2308 a
478 2248 549 2308 Viro
568 2248 640 2324 pio,
670 2265 741 2309 cum
763 2249 865 2324 ipsius

106 2327 255 2388 Auctoris
269 2328 500 2404 Manuscripto,
522 2329 622 2403 (quod
637 2329 755 2389 Pareus
777 2346 865 2389 meus

104 2408 184 2484 piae
214 2424 304 2468 mem.
332 2424 353 2468 a
381 2409 417 2468 R.
442 2409 479 2468 D.
505 2409 627 2468 Ioanne
654 2410 786 2469 Latomo
810 2409 864 2470 Or·

106 2488 195 2548 dinis
224 2487 458 2549 Canonieorum
482 2488 688 2564 Regularium
715 2489 866 2550 Generali

107 2573 186 2629 tuae
199 2569 373 2640 visitatore,
395 2569 527 2644 aceepit,
549 2569 581 2629 ἃ
597 2585 681 2630 nunc
695 2570 784 2645 apud
800 2570 863 2629 RR.

109 2649 166 2709 ΡΡ.
192 2648 362 2710 Societatis
388 2650 460 2709 Iesu
481 2648 678 2725 Autuerpiae
705 2651 747 2710 ab
770 2649 864 2710 Anno

111 2733 198 2790 1598
207 2745 278 2789 eum
289 2745 366 2790 cura
376 2731 573 2805 assentatur)
589 2729 702 2789 iterum
712 2733 863 2807 conferre,

107 2814 207 2884 atque
227 2809 362 2870 consilio
390 2809 572 2870 &hortatu
599 2810 761 2871 <tectorium
783 2811 880 2871 viro.

108 2906 179 2950 rum
196 2891 310 2965 praelo
331 2890 533 2950 committere.

150 2969 243 3046 Quas
265 2980 433 3046 praeterea
455 2971 603 3032 fortunae
619 2970 864 3032 vicissitudines

108 3052 345 3127 autographum
370 3051 522 3126 subierit,
551 3050 629 3111 libet
657 3051 710 3111 hic
740 3052 864 3112 reierre

108 3131 220 3192 verbis
232 3130 344 3192 Geueii
358 3148 387 3207 p.
402 3147 530 3194 xxxvm
546 3131 655 3192 hisce:
670 3131 763 3192 Missi
773 3132 865 3207 prius

108 3229 130 3272 a
145 3211 177 3286 J.
200 3211 361 3272 Bollaudo
389 3211 529 3272 Parisios
557 3211 601 3270 ad
628 3228 742 3272 canon.
767 3213 863 3287 regul.

109 3291 447 3369 Sanctae-Geuovesae
461 3308 567 3351 meuse
581 3291 668 3352 maio
677 3308 754 3352 auu.
768 3296 863 3364 1652,

108 3429 269 3436 ——.—.

150 3493 229 3537 ¹ctr.
249 3495 285 3536 let
326 3493 391 3537 ,395
412 3493 446 3545 (=
465 3506 488 3546 p.
506 3494 535 3535 39
552 3493 640 3536 Vindia.
660 3493 716 3536 Kem
734 3507 783 3536 ens.
813 3493 864 3535 Ant·

109 3550 213 3602 vespiae,
227 3548 293 3602 Apud
308 3507 399 3591 Eetrum
414 3556 434 3590 et
450 3547 555 3590 loannem
571 3547 679 3591 Belleros.
709 3506 863 3600 timeum).

466 3625 505 3667 441
