2142 4194
155 665 213 724 DE
235 663 600 726 COMPVNCTIONE
622 665 798 726 CORDIS.

333 845 539 895 cnrrrvuvn
557 845 623 895 xxr.
958 903 961 909 A

96 921 216 1144 &l
240 981 291 1041 vis
312 981 433 1057 aliquid
450 982 620 1058 prolicere,
642 1000 801 1042 conserva
823 992 854 1043 te

224 1079 257 1138 in
280 1079 397 1140 timore
413 1079 493 1155 Dei;
515 1090 547 1139 et
568 1079 634 1139 noli
658 1096 732 1139 esse
756 1079 855 1139 nimis

97 1176 196 1252 liber,
226 1177 284 1236 sed
313 1176 374 1236 sub
403 1176 576 1252 disciplina
601 1178 717 1238 cohibe
740 1189 878 1237 omnes⁵

98 1291 219 1334 sensus
229 1284 318 1334 tuos:
331 1291 392 1333 nec
403 1273 533 1350 ineptae
544 1284 576 1334 te
586 1276 693 1335 tradas
704 1275 855 1336 laetitiae.

99 1374 149 1432 Da
169 1385 201 1432 te
224 1373 263 1432 ad
286 1371 394 1431 cordis
422 1371 725 1448 compunctionem:
755 1382 787 1432 et
808 1372 856 1432 in·

98 1468 213 1528 venies
242 1467 461 1530 devotionem.
506 1469 726 1547 Compunctio
755 1471 856 1531 multa

98 1567 183 1626 bona
205 1566 324 1641 aperit:
347 1583 430 1642 quae
446 1567 618 1628 dissolutio
639 1567 702 1628 cito
718 1569 855 1644 perdere

97 1663 279 1723 consuevit.
310 1663 432 1724 Mirum
449 1675 509 1740 est,
531 1666 617 1742 quod
635 1667 734 1726 homo
749 1675 856 1742 potest
868 1678 891 1718 10

97 1779 253 1838 umquam
276 1761 422 1837 perfecte
443 1762 477 1822 in
493 1765 554 1823 hac
569 1763 634 1824 vita
649 1763 777 1824 laetari:
801 1764 854 1840 qui

96 1876 194 1920 suum
227 1858 381 1935 exilium,
417 1870 449 1920 et
480 1871 543 1921 tam
581 1862 682 1921 multa
711 1860 856 1937 pericula

97 1955 227 2017 animae
239 1972 318 2015 suae
330 1958 515 2018 considerat
530 1968 562 2018 et
572 1968 696 2035 pensat.
721 1959 857 2033 Propter

96 2053 855 2134 levitatemcordisetneglegentlamdefectuum

97 2161 286 2213 nostrorum
309 2170 375 2212 non
397 2155 558 2215 sentimus
580 2154 707 2215 animae
724 2163 855 2213 nostrae
868 2168 892 2208 15

97 2252 248 2327 dolores;
263 2251 322 2310 sed
338 2268 435 2328 saepe
451 2271 534 2326 vane
550 2252 710 2313 ridemus:
727 2251 855 2327 quando

96 2348 216 2408 merito
238 2347 326 2424 llere
355 2349 560 2410 deberemus
604 2350 678 2410 Non
708 2358 758 2408 est
779 2366 856 2409 vera

96 2445 243 2520 libertas,
265 2462 327 2504 nec
342 2445 426 2506 bona
441 2447 577 2507 laetitia:
599 2446 662 2506 nisi
686 2447 718 2506 in
738 2447 855 2508 timore

98 2543 160 2603 Dei
194 2561 269 2603 cum
302 2542 386 2602 bona
417 2541 626 2604 conscientia.
680 2545 769 2605 Felix
800 2545 854 2622 qui

97 2640 228 2700 abicere
252 2648 359 2716 potest
381 2658 477 2700 omne
499 2640 769 2717 impedimentum
792 2642 891 2702 dis-20

98 2736 286 2798 tractionis:
313 2737 405 2797 etad
427 2737 582 2798 unionem
606 2756 641 2799 se
664 2741 855 2817 recolligere

98 2843 231 2896 sanctae
261 2835 533 2910 compunctionis.
576 2836 664 2896 Felix
694 2837 748 2914 qui
778 2855 855 2898 ase

98 2933 242 2994 abdicat:
258 2931 415 3009 quidquid
431 2933 665 2994 conscientiam
681 2952 772 2994 suam
790 2953 854 2994 ma·

98 3031 207 3090 culare
224 3037 333 3106 potest
347 3031 399 3089 vel
414 3048 558 3107 gravare.
588 3031 689 3092 Certa
703 3032 854 3092 viriliter:

99 3128 303 3188 consuetudo
326 3128 563 3188 consuetudine
583 3127 733 3189 vincitur.
770 3129 803 3189 Si
819 3139 890 3189 tuzs

1 3224 2 3227 ’
100 3226 164 3286 scis
185 3225 340 3286 homines
362 3224 542 3284 dimittere:
565 3224 626 3300 ipsi
649 3227 732 3285 bene
755 3235 786 3286 te
809 3227 854 3286 di-

100 3323 227 3384 mittent
255 3332 312 3383 tua
340 3323 422 3382 lacta
451 3322 569 3383 lacere.
612 3323 686 3382 Non
714 3326 854 3384 attrahas

101 3419 153 3480 tibi
177 3437 231 3480 res
253 3420 408 3480 aliomm:
437 3430 552 3480 necte
575 3420 723 3496 implices
746 3423 854 3481 causis

101 3519 268 3580 maiorum.
303 3518 433 3579 Habeas
456 3534 587 3594 semper
602 3519 732 3579 oculum
755 3536 854 3595 super

463 3624 490 3666 ao
