2160 4194
217 400 258 451 m
283 399 423 442 LIBELLVS
440 399 478 441 DE
494 399 669 443 DISCIPLINA
685 401 912 445 CLAVSTRALIVM
933 404 982 456 ff&

268 595 314 654 De
335 595 538 656 oboedientia
559 596 691 656 humilis
711 595 832 658 subditi
851 614 928 674 erga

441 694 625 768 praelatum
645 710 749 753 suum.

454 867 659 917 CAPITVLVM
678 867 737 917 IIII.

217 961 349 1180 Q}
378 1020 498 1080 bonum
528 1020 693 1082 subditum
720 1021 861 1098 pertinet
881 1039 977 1084 man·

194 1133 208 1174 5
349 1119 459 1178 datum
488 1118 715 1180 oboedientiae
737 1120 884 1181 hilariter
904 1136 977 1180 am-

217 1214 314 1290 plecti
344 1224 376 1275 et
404 1215 485 1275 nihil
515 1216 555 1276 de
577 1216 707 1292 propria
728 1218 894 1278 voluntate
921 1235 977 1278 re·

216 1311 340 1389 tinere3
369 1314 427 1376 sed
456 1315 605 1389 exemplo
636 1314 762 1376 Christi
791 1314 824 1375 in
853 1331 976 1376 manus

217 1410 278 1469 Dei
301 1420 334 1470 et
353 1411 488 1486 praelati
517 1411 567 1471 sui
591 1421 707 1486 sponte
728 1429 765 1472 se
787 1411 976 1488 resignare:

216 1505 292 1583 quia
320 1508 382 1568 hoc
411 1515 461 1568 est
488 1507 709 1585 gratissimum
738 1510 858 1569 donum
882 1511 974 1585 quod

182 1621 206 1663 ro
216 1613 323 1681 potest
345 1606 416 1665 Deo
438 1605 568 1666 offerre.
607 1605 732 1667 Caveat
755 1623 832 1683 ergo
861 1607 975 1668 omnis

216 1702 322 1763 bonus
351 1702 501 1764 subditus
529 1721 571 1764 ne
593 1704 771 1779 praelatum
798 1721 894 1765 suurn
923 1713 975 1765 te·

215 1817 306 1860 mere
325 1799 463 1878 iudicet;
484 1818 546 1861 nec
561 1801 631 1862 vias
647 1801 720 1862 eius
734 1801 864 1862 curiose
878 1818 975 1865 scru-

215 1907 317 1958 tetur:
346 1899 403 1958 sed
426 1898 535 1975 potius
565 1898 637 1959 eius
658 1898 744 1959 dicta
765 1907 798 1959 et
826 1898 909 1959 facta
935 1900 974 1961 in

214 1996 333 2056 melius
344 1996 584 2072 interpretetur.
601 1995 677 2056 Etsi
689 1996 847 2073 quaedam
858 1995 974 2060 minus

180 2111 205 2153 ιε
214 2093 305 2155 utilia
326 2103 482 2170 apparent
499 2102 531 2154 et
545 2093 654 2171 aliqua
668 2094 858 2155 defectuosa
878 2094 911 2155 in
928 2112 975 2156 eo

214 2190 442 2267 reperiuntur3
476 2207 542 2250 non
573 2190 733 2267 despiciat
763 2208 824 2252 nec
855 2203 973 2268 arguat

214 2304 306 2348 eum:
328 2288 386 2348 sed
402 2297 537 2348 excuset
556 2298 589 2348 et
602 2288 656 2364 pie
678 2289 811 2364 toleret3
833 2297 865 2348 et
887 2289 973 2350 cari·

213 2385 311 2445 tative
334 2386 361 2446 si
384 2385 428 2445 ita
449 2385 604 2446 convenit
625 2386 815 2446 admoneat:
837 2396 892 2446 aut
911 2404 972 2462 pa·

213 2493 305 2542 terne
321 2483 471 2544 obsecret
486 2499 544 2558 per
559 2499 595 2544 se
610 2483 663 2543 vel
679 2499 738 2559 per
752 2483 851 2543 aliurn
863 2484 971 2560 magis

176 2579 385 2655 zoidoneum,
413 2580 489 2657 quia
510 2597 663 2657 magnum
692 2597 776 2642 onus
805 2597 905 2657 super
928 2599 970 2644 se

212 2678 318 2738 habet.
371 2676 509 2754 Saepius
544 2677 641 2738 etiam
673 2695 731 2753 pro
762 2695 801 2738 eo
837 2689 970 2742 secrete

212 2784 299 2845 oret3
316 2783 351 2835 ut
367 2775 459 2836 Deus
473 2792 548 2836 euin
565 2775 726 2837 custodiat
740 2784 772 2835 et
787 2776 969 2838 confortet:

212 2889 285 2932 cum
308 2873 419 2933 nullus
441 2872 483 2932 sit
504 2872 537 2933 in
560 2881 626 2933 tota
647 2873 743 2933 domo
764 2871 821 2949 qui
843 2880 967 2936 tantam

211 2968 331 3031 cotidie
353 2969 608 3031 sollicitudinem
624 2988 682 3046 pro
697 2970 850 3031 omnibus
864 2982 967 3048 gerat.
1066 3015 1067 3040 r

175 3087 202 3129 25
213 3067 296 3128 Raro
327 3085 469 3146 namque
500 3068 667 3129 invenitur
697 3069 877 3145 praelatus:
908 3071 966 3145 qui
1066 3101 1067 3104 ¹

211 3165 314 3240 possit
330 3165 464 3226 cuilibet
485 3165 675 3226 satisfacere
690 3166 742 3226 vel
760 3167 890 3242 placere
905 3184 966 3243 pro
1066 3169 1067 3224 1

210 3271 296 3322 voto.
342 3262 419 3323 Ideo
450 3261 553 3324 iuvari
586 3263 683 3324 debet
712 3279 731 3322 a
761 3263 901 3324 subditis
932 3275 966 3326 et

211 3357 380 3434 honorari3
408 3369 505 3435 atque
533 3359 652 3435 portari
682 3360 721 3420 ab
750 3360 903 3422 omnibus
932 3373 966 3424 et

211 3455 359 3516 excusari
382 3474 490 3518 coram
512 3457 668 3518 infirmis:
693 3456 748 3535 qui
771 3457 835 3519 cito
856 3459 965 3538 suspi-

565 3562 606 3604 Μ
1066 3559 1067 3568 2
