2178 4186
86 460 173 514 m
231 457 500 502 RECOMMENDATIO
517 457 711 501 valll'rn'rls
768 459 849 512 ww

88 593 261 654 humiliter
294 592 475 653 iacentem:
513 603 546 653 et
580 592 619 651 ab
654 591 779 669 angelis
814 592 847 651 in

88 691 200 752 sinum
217 691 367 752 Abrahae
382 692 540 751 laetanter
554 690 727 750 elevatum.
753 689 848 750 Vnde

89 789 226 850 humilis
248 799 351 850 mater
373 789 448 849 Iesu
472 789 552 849 dixit
574 787 607 848 in
630 787 755 848 cantico
777 805 849 848 suo.

89 887 254 964 Deposuit
274 895 424 964 potentes
451 887 491 947 de
513 886 608 946 sede:
637 894 669 946 et
696 884 849 946 exaltavit

88 983 245 1045 humiles.
269 985 425 1061 Exempla
439 993 516 1044 sunt
530 984 624 1061 plura
633 983 667 1043 in
677 982 871 1060 scripturiss

88 1081 230 1142 sanctis:
259 1091 291 1142 et
318 1081 437 1143 cotidie
458 1089 615 1158 apparent
642 1080 788 1157 pericula
808 1079 849 1139 de

88 1195 152 1239 sua
182 1178 301 1239 virtute
334 1179 609 1256 superbientibus.
662 1177 728 1255 Qui
759 1176 847 1237 enim

87 1275 214 1352 appetit
234 1275 423 1337 hominibus
438 1278 579 1355 placere,
600 1286 633 1337 et
647 1292 784 1352 magnus
799 1291 849 1334 re-

88 1373 214 1450 putari:
239 1375 310 1435 Deo
332 1375 462 1436 vilescit
483 1383 516 1436 et
536 1373 622 1434 sicut
643 1373 754 1434 lumus
775 1389 849 1433 eva·

88 1471 207 1532 nescit.
246 1471 365 1534 Omnis
387 1472 550 1549 superbus
572 1489 680 1532 coram
698 1472 768 1532 Deo
790 1470 849 1532 im·
861 1487 886 1529 ro

6 1553 12 1570 ’
88 1569 252 1646 mundus3
267 1569 372 1631 nescit
382 1587 419 1630 se
434 1569 559 1646 ipsum:
574 1585 636 1629 nec
651 1585 747 1629 suum
759 1585 850 1644 prae·

88 1665 182 1727 videt
203 1683 326 1728 casum.
356 1667 422 1745 Qui
439 1667 574 1744 erigitur
593 1666 627 1726 in
648 1664 849 1742 superbiam:

87 1764 179 1825 iusto
195 1764 255 1824 Dei
279 1765 399 1826 iudicio
417 1765 502 1826 cadit
523 1765 558 1825 in
579 1764 753 1841 reprobum
776 1779 850 1823 sen-

88 1879 177 1922 sum.
212 1861 278 1939 Qui
297 1863 388 1924 alteri
411 1879 448 1922 se
470 1862 613 1939 praefert
634 1871 666 1923 et
687 1862 786 1922 altum
809 1861 849 1921 de

88 1975 129 2019 se
145 1958 244 2035 sapit:
267 1959 352 2020 cadit
366 1959 406 2020 ab
427 1960 491 2020 alto
514 1959 628 2019 humili
645 1968 761 2020 stante.
793 1958 850 2017 La·
861 1976 886 2017 15

88 2066 167 2118 tens
188 2056 342 2134 superbia
364 2057 467 2134 pestis
488 2056 616 2134 iniqua:
639 2055 719 2116 loris
734 2055 851 2115 blanda

88 2152 182 2213 intus
210 2169 335 2231 amara3
364 2155 397 2215 in
419 2153 586 2232 prosperis
615 2155 714 2215 laeta:
742 2153 776 2213 in
798 2153 851 2213 ad·

89 2249 201 2311 versis
236 2253 431 2314 turbulenta.
487 2253 554 2330 Qui
589 2252 689 2312 alium
725 2251 852 2327 quaerit

90 2347 297 2409 confundere
325 2360 358 2411 et
385 2367 422 2411 se
450 2349 645 2411 iustificare:
676 2366 713 2409 se
744 2349 851 2425 ipsum

90 2447 265 2508 confundit
284 2458 317 2509 et
332 2465 423 2508 suam
440 2448 626 2526 superbiam
642 2447 851 2507 demonstrat.
861 2465 889 2506 oo

91 2542 234 2620 Superbi
257 2554 308 2606 est
329 2545 390 2606 sibi
413 2546 476 2625 ipsi
492 2547 632 2623 placere,
654 2553 686 2605 et
700 2543 775 2621 plus
789 2541 850 2602 sibi

91 2657 192 2718 quam
208 2643 300 2703 alteri
317 2643 468 2705 credere:
490 2653 521 2704 et
535 2643 673 2703 aliorum
690 2641 773 2701 lacta
788 2639 851 2701 cito

91 2740 352 2817 reprehendere,
367 2752 399 2802 et
414 2741 582 2819 simplices
597 2739 757 2801 deridere.
789 2737 852 2798 Hic

91 2846 145 2898 est
155 2837 321 2913 proclivus
336 2839 375 2898 ad
389 2855 486 2899 omne
502 2839 633 2899 malum.
654 2838 851 2898 Perversum

92 2950 237 3010 namque
258 2935 342 3011 gerit
362 2934 530 3010 iudicium,
551 2935 606 3011 qui
623 2951 739 3011 magna
753 2933 793 2992 de
815 2949 889 2998 seza

93 3031 211 3092 sentit:
241 3040 274 3093 et
294 3032 335 3093 de
357 3033 429 3094 aliis
451 3033 564 3110 peiora
586 3031 749 3108 confingit.
793 3028 852 3091 Su·

94 3128 208 3206 perbia
238 3145 415 3207 numquam
447 3129 566 3190 melius
597 3129 757 3190 vincitur:
788 3127 851 3188 nisi

5 3251 6 3262 ¹
94 3243 155 3303 per
165 3225 370 3304 frequentem
382 3227 647 3288 exercitationem
657 3227 689 3287 in
698 3225 852 3302 operibus

95 3324 261 3402 despectis
289 3335 321 3387 et
349 3325 478 3386 iniuriis
502 3325 614 3386 multis
643 3333 675 3384 et
696 3323 777 3383 locis
799 3340 853 3383 ex·

96 3423 220 3484 tremis.
250 3422 314 3485 Cui
330 3440 428 3500 grave
450 3432 501 3484 est
522 3423 661 3483 subesse
683 3430 715 3482 et
729 3420 889 3487 senioriao

96 3521 268 3582 oboedire:
298 3521 394 3598 longe
425 3530 475 3582 est
505 3539 524 3580 a
552 3537 631 3581 vera
661 3517 853 3578 humilitate.

454 3623 495 3666 sno
