2138 4196
236 470 357 522 m
427 470 466 512 DE
481 469 660 513 ΙΜΙΤΑΤΙΟΝΕ
675 468 799 511 CHRISTI
871 469 1000 522 &KQ

238 604 364 664 Dedisti
376 605 484 681 itaque
495 603 575 663 mihi
591 603 720 664 inlirmo
731 620 860 662 sacrum
873 619 1000 679 corpus

237 711 328 761 tuum
350 701 389 761 ad
405 700 618 762 reiectionem
634 701 754 762 mentis
776 711 809 761 et
830 701 1000 776 corporis:

237 808 270 858 et
284 799 421 874 posuisti
433 800 599 859 lucernam
611 798 749 874 pedibus
760 798 843 858 meis
854 799 1000 859 verbum

237 906 338 956 tuum.
375 896 453 957 Sine
475 896 527 957 his
550 896 676 956 duobus
692 896 777 956 bene
792 897 905 956 vivere
929 914 1002 956 non

213 1010 386 1070 spossem;
417 1011 491 1054 nam
522 994 658 1055 verbum
688 994 750 1054 Dei
781 995 836 1054 lux
864 993 1002 1054 animae
1061 1007 1062 1020 *

236 1108 346 1151 meae:
368 1101 400 1152 et
421 1102 660 1153 sacramentum
681 1102 772 1153 tuum
788 1093 881 1170 panis
898 1093 1002 1155 vitae.

238 1190 329 1249 Haec
359 1200 497 1265 possunt
527 1190 623 1250 etiam
655 1190 718 1250 dici
748 1207 882 1250 mensae
911 1190 1002 1250 duae

237 1287 314 1347 hinc
346 1297 378 1347 et
408 1287 502 1347 inde:
533 1287 567 1346 in
597 1288 829 1365 gazophylacio
860 1298 1003 1349 sanctae

238 1386 398 1445 ecclesiae
427 1385 561 1461 positae.
605 1386 676 1446 Vna
698 1402 812 1445 mensa
836 1393 887 1444 est
909 1386 1002 1444 sacri

204 1484 347 1544 roaltaris
383 1483 507 1542 habens
543 1498 659 1558 panem
695 1492 843 1542 sanctum
875 1480 909 1540 id
949 1493 1004 1541 est

238 1597 357 1657 corpus
380 1579 505 1641 Christi
528 1580 725 1656 pretiosum3
754 1581 854 1639 altera
876 1590 929 1639 est
953 1581 1004 1640 di·

237 1679 333 1738 vinae
348 1678 430 1755 legis
446 1679 618 1738 continens
633 1678 812 1738 doctrinam
831 1687 1003 1738 sanctam:

238 1776 392 1836 erudiens
415 1776 511 1836 lidem
530 1786 661 1851 rectam,
683 1786 715 1836 et
737 1775 873 1835 firmiter
888 1792 1003 1852 usque
1063 1805 1064 1808 ¹

237 1874 276 1934 ad
306 1874 460 1934 interiora
488 1873 661 1933 velaminis
691 1873 745 1932 ubi
773 1879 853 1931 'sunt
882 1881 1005 1932 sancta

203 1981 423 2034 issanctorum
445 1971 639 2045 perducens.

278 2067 410 2129 Gratias
445 2067 502 2128 tibi
535 2067 676 2127 Domine
708 2066 782 2126 Iesu
818 2066 873 2126 lux
910 2067 1005 2129 lucis
1064 2096 1065 2128 ;

237 2175 406 2241 aeternae,
436 2183 494 2241 pro
525 2165 691 2226 doctrinae
722 2183 833 2226 sacrae
862 2182 1005 2227 mensa:

237 2280 334 2340 quam
363 2264 458 2324 nobis
487 2282 545 2340 per
573 2281 688 2324 servos
716 2275 791 2325 tuos
816 2265 1005 2339 prophetas

238 2371 270 2421 et
279 2361 454 2437 apostolos,
470 2363 617 2439 aliosque
628 2363 778 2424 doctores
791 2361 1005 2424 ministrasti.

200 2479 227 2520 ao
238 2458 370 2520 Gratias
391 2459 447 2521 tibi
465 2460 604 2522 Creator
624 2477 661 2520 ac
678 2460 875 2536 Redemptor
890 2462 1006 2522 homi·

237 2573 332 2631 num,
368 2558 423 2634 qui
454 2558 493 2618 ad
524 2557 750 2618 declarandam
781 2557 838 2618 toti
870 2560 1005 2619 mundo

237 2655 402 2716 caritatem
425 2665 512 2715 tuam
536 2672 649 2715 cenam
681 2654 799 2731 parasti
826 2671 1006 2734 magnam

237 2753 270 2813 in
299 2770 362 2830 qua
384 2770 450 2812 non
476 2771 594 2830 agnum
623 2753 785 2830 typicum,
814 2753 872 2812 sed
902 2762 1004 2816 tuum

237 2845 480 2912 sanctissimum
510 2867 628 2928 corpus
651 2861 682 2911 et
706 2851 900 2927 sanguinem
923 2870 1006 2928 pro·

199 2967 227 3009 25
237 2949 375 3027 posuisti
391 2947 667 3008 manducandum:
683 2949 862 3009 laetificans
877 2966 1006 3011 omnes

238 3047 352 3107 lideles
370 3045 521 3106 convivio
537 3063 641 3121 sacro,
663 3055 695 3106 et
710 3046 811 3106 calice
826 3045 1005 3110 inebrians

237 3143 386 3219 salutari3
402 3143 435 3202 in
451 3160 515 3219 quo
531 3153 607 3203 sunt
622 3160 737 3203 omnes
752 3143 889 3204 deliciae
905 3162 1006 3220 para·

238 3242 316 3302 disi:
334 3251 366 3302 et
381 3243 554 3318 epulantur
567 3241 738 3301 nobiscum
754 3241 860 3317 angeli
879 3245 1005 3320 sancti,

237 3340 296 3400 sed
318 3340 477 3400 suavitate
500 3339 648 3399 feliciori.

200 3459 227 3499 ao
278 3436 420 3513 Oquam
443 3453 595 3513 magnum
610 3446 643 3497 et
664 3436 854 3497 honorabile
877 3447 929 3498 est
951 3442 1005 3501 oi·

238 3535 346 3595 licium
383 3534 605 3594 sacerdotum:
641 3534 760 3610 quibus
795 3534 906 3595 datum
946 3548 1004 3600 est

596 3637 634 3680 tn
