2146 4194
227 445 348 498 &m
418 443 457 487 DE
473 442 652 486 ΙΜΙΤΑΤΙΟΝΕ
668 443 792 487 CHRISTI
864 443 988 498 m&
1061 511 1062 522 ἵ

1061 523 1062 584 l

229 637 285 699 aa
308 636 639 699 msmssumme
662 637 827 700 comus
851 638 904 699 ετ
929 639 986 700 ua
1061 593 1062 612 *

271 735 540 798 mmuuoua
564 735 708 797 ammi
731 735 791 797 m)
816 736 944 798 aevu

492 834 720 896 nmmum.

436 1016 642 1066 CAPITVLVM
660 998 789 1066 xxx111.'
1058 1002 1062 1121 l

204 1115 374 1329 sffilli
391 1169 457 1229 noli
470 1170 605 1230 credere
615 1169 747 1231 affectui
761 1180 817 1230 tuo
829 1170 884 1248 qui
897 1187 986 1230 nunc

357 1267 498 1328 estzcito
509 1268 686 1328 mutabitur
696 1268 729 1328 in
741 1268 838 1328 aliud.
861 1269 986 1346 Quam-

226 1366 281 1425 diu
296 1366 419 1426 vixeris
430 1366 633 1427 mutabilitati
649 1367 818 1426 subiectus
834 1383 870 1426 es
886 1367 985 1427 etiam
1066 1405 1067 1408 =

226 1464 360 1539 nolens;
376 1474 411 1524 ut
421 1464 518 1523 modo
534 1465 639 1524 laetus
649 1465 746 1525 modo
758 1463 871 1538 tristis,
887 1463 987 1523 modo
1062 1449 1063 1513 i

226 1570 358 1636 pacatus
395 1561 490 1621 modo
522 1562 686 1622 turbatus:
721 1579 809 1622 nunc
844 1562 987 1621 devotus
1060 1594 1063 1641 Ι

192 1673 313 1717 ionunc
324 1657 514 1735 indevotus3
531 1676 619 1720 nunc
630 1660 798 1720 studiosus
809 1677 897 1719 nunc
913 1677 988 1720 ace·
1060 1652 1063 1715 l

225 1755 355 1815 diosus:
371 1773 459 1817 nunc
468 1756 578 1834 gravis
589 1774 677 1818 nunc
693 1758 776 1818 levis
792 1757 987 1817 inveniaris.

226 1851 289 1912 Sed
313 1862 375 1913 stat
397 1871 498 1929 super
518 1857 599 1916 haec
614 1856 781 1916 mutabilia
802 1855 939 1931 sapiens
955 1865 989 1916 et
1063 1913 1064 1920 ,

225 1951 309 2011 bene
320 1951 436 2012 doctus
446 1953 479 2012 in
490 1953 625 2030 spiritu3
640 1970 705 2014 non
721 1953 893 2013 attendens
905 1953 987 2029 quid
1063 1961 1064 1982 ³

225 2049 258 2108 in
274 2066 311 2109 se
333 2050 452 2110 sentiat
467 2052 519 2111 vel
535 2067 598 2127 qua
613 2062 703 2127 parte
724 2050 779 2111 flet
793 2060 914 2111 ventus
938 2051 988 2111 in-

192 2167 216 2207 ιε
226 2147 426 2208 stabilitatis:
455 2149 514 2209 sed
545 2159 579 2210 ut
607 2159 673 2210 tota
701 2147 838 2209 intentio
864 2150 989 2210 mentis
1066 2201 1067 2204 ,

226 2245 298 2304 eius
308 2245 348 2304 ad
358 2245 503 2306 debitum
519 2256 552 2307 et
562 2256 705 2323 optatum
716 2245 864 2323 proficiat
874 2245 988 2307 linem.

226 2342 309 2402 Nam
321 2342 369 2402 sic
380 2344 499 2418 poterit
510 2361 596 2404 unus
607 2354 639 2404 et
653 2345 740 2404 idem
751 2344 989 2404 inconcussus-

225 2457 289 2516 que
304 2457 514 2516 permanere:
529 2441 670 2518 simplici
686 2440 877 2502 intentionis
888 2443 989 2502 oculo

225 2555 284 2615 per
305 2548 351 2599 tot
372 2539 481 2599 varios
503 2549 642 2600 eventus
664 2541 702 2600 ad
726 2556 778 2599 me
805 2538 990 2614 inpraeter·
1064 2579 1065 2588 η

189 2635 327 2696 semisse
342 2636 477 2696 directo.
500 2637 632 2714 Quanto
643 2646 751 2697 autem
762 2635 875 2712 purior
886 2635 989 2697 luerit

225 2733 418 2794 intentionis
433 2735 566 2794 oculus:
582 2744 669 2795 tanto
681 2731 884 2793 constantius
900 2731 990 2793 inter

225 2831 373 2891 diversas
402 2831 467 2892 itur
494 2831 664 2908 procellas,
715 2829 778 2890 Sed
808 2829 841 2888 in
871 2829 988 2890 multis

225 2929 340 3006 caligat
362 2929 478 2988 oculus
498 2945 598 3005 purae
619 2926 826 2988 intentionis:
850 2926 989 3002 respici-

224 3035 278 3086 tur
299 3025 394 3104 enim
410 3025 473 3086 cito
496 3025 529 3084 in
545 3023 674 3101 aliquod
689 3023 882 3084 delectabile
898 3024 988 3100 quod

189 3124 384 3184 zsoccurrit:
406 3140 480 3183 nam
497 3132 529 3183 et
550 3139 624 3182 raro
639 3131 727 3183 totus
749 3121 832 3181 liber
847 3120 923 3197 quis
940 3121 988 3181 in·

225 3221 356 3282 venitur
384 3239 402 3280 a
431 3236 534 3280 naevo
563 3218 713 3295 propriae
744 3217 988 3294 exquisitionis.

226 3318 280 3379 Sic
307 3317 415 3378 ludaei
446 3316 522 3377 olim
545 3325 705 3376 venerant
732 3316 765 3376 in
788 3315 986 3376 Bethaniam

225 3416 264 3475 ad
277 3415 439 3474 Martham
451 3423 483 3474 et
494 3413 643 3489 Mariam,
654 3430 719 3473 non
730 3423 863 3490 propter
874 3412 987 3473 lesum

225 3511 436 3572 tantumzsed
448 3520 480 3571 et
492 3520 525 3571 ut
537 3511 693 3570 Lazarum
704 3510 864 3570 viderent.
888 3509 988 3572 Mun·

582 3615 623 3656 auu
