2142 4194
219 608 284 651 non
316 609 390 652 esse
422 593 631 670 praecipitem
666 594 700 654 in
730 596 881 672 agendis:
913 614 975 657 nec

218 691 429 767 pertinaciter
459 691 492 752 in
521 693 661 769 propriis
692 702 779 753 stare
810 695 975 755 sensibus.

219 788 269 849 Ad
292 791 375 849 hanc
405 789 501 850 etiam
524 791 665 865 pertinet
687 808 752 851 non
775 792 976 868 quibuslibet
1052 816 1053 896 q

219 886 388 947 hominurn
411 887 522 948 verbis
537 887 687 948 credere:
710 905 771 949 nec
792 890 900 951 audita
920 891 974 951 vel
1052 897 1053 916 ¹

195 984 342 1045 scredita
363 1002 438 1045 mox
460 985 499 1046 ad
515 986 651 1046 aliorum
675 1004 772 1048 aures
793 987 975 1049 effundere.

220 1081 306 1143 Cum
329 1083 477 1159 sapiente
499 1093 530 1143 et
546 1083 787 1145 conscientioso
806 1087 876 1146 viro
899 1103 976 1147 con·
1053 1136 1054 1186 q

219 1181 328 1241 silium
352 1182 452 1258 habe;
474 1191 506 1241 et
528 1198 649 1258 quaere
668 1182 777 1257 potius
799 1201 816 1242 a
838 1184 975 1244 meliore
1053 1189 1054 1206 ¹

219 1279 353 1340 instrui:
382 1297 478 1356 quam
501 1289 574 1339 tuas
598 1279 848 1340 adinventiones
870 1282 974 1358 sequi.

221 1378 313 1437 Bona
334 1378 400 1437 vita
429 1377 505 1437 facit
528 1376 695 1439 hominem
720 1378 900 1454 sapientem
924 1397 976 1440 se·

185 1477 361 1536 iocundum
386 1476 509 1535 Deum:
539 1484 571 1535 et
598 1486 766 1552 expertum
797 1477 830 1536 in
853 1478 975 1538 multis.
1054 1483 1055 1490 ’

220 1574 352 1650 Quanto
374 1573 449 1649 quis
464 1573 497 1633 in
513 1590 550 1633 se
565 1572 721 1633 humilior
736 1573 835 1633 fuerit
856 1584 888 1634 et
904 1576 975 1634 Deo

220 1671 511 1732 subiectiorztanto
522 1671 555 1731 in
567 1671 977 1748 omnibuseritsapientior

220 1779 252 1829 et
273 1769 425 1845 pacatior.

218 459 339 511 asma
411 459 783 503 oarmmnouacnmsn
854 463 976 516 φωνῶ

299 1956 356 2015 DE
379 1953 599 2015 LECTIONE
621 1953 895 2017 SANCTARVM

187 2082 211 2122 15
419 2052 776 2114 SCRIPTVRARVM.

470 2209 675 2259 CAPITVLVM
694 2210 725 2259 V.

220 2284 443 2515 ΜΕΝ
459 2355 509 2406 est
519 2346 552 2407 in
564 2345 735 2422 scripturis
746 2347 868 2407 sanctis
879 2365 977 2424 quae.

357 2444 474 2505 renda:
510 2462 576 2505 non
608 2445 805 2521 eloquentia.
857 2444 977 2506 Omnis

220 2542 381 2619 scriptura
402 2561 494 2603 sacra
516 2560 555 2603 eo
578 2543 694 2619 spiritu
714 2543 810 2603 debet
832 2542 894 2619 legi
911 2560 976 2619 quo

184 2661 211 2701 ao
222 2641 304 2702 facta
319 2652 378 2702 est.
408 2643 578 2719 Quaerere
594 2641 702 2717 potius
717 2640 875 2701 debemus
891 2639 977 2700 utili-

221 2748 318 2800 tatem
351 2739 384 2799 in
416 2739 604 2815 scripturis:
636 2756 732 2815 quam
763 2736 976 2797 subtilitatem

220 2836 394 2898 sermonis.
438 2837 484 2896 lta
512 2837 652 2896 libenter
679 2837 815 2896 devotos
843 2843 876 2894 et
899 2834 977 2895 sim-

220 2934 323 3010 plices
345 2933 446 2994 libros
468 2934 577 3009 legere
597 2932 771 2993 debemus:
794 2931 879 2992 sicut
893 2932 977 2992 altos

221 3042 253 3092 et
275 3030 464 3108 profundos.
494 3030 569 3090 Non
584 3039 616 3091 te
636 3029 780 3090 offendat
801 3029 977 3090 auctoritas

184 3128 414 3204 asscribentis,
449 3138 558 3188 utrum
598 3145 717 3204 parvae
752 3127 805 3186 vel
840 3144 976 3204 magnae

221 3227 420 3287 litteraturae
444 3225 558 3286 fuerit:
581 3224 639 3286 sed
661 3243 752 3286 amor
770 3242 870 3302 purae
891 3224 978 3285 veri-

221 3324 295 3385 tatis
310 3333 342 3384 te
358 3325 462 3384 trahat
477 3324 515 3383 ad
531 3323 715 3399 legendum.
748 3323 822 3382 Non
838 3338 977 3398 quaeras

221 3423 296 3498 quis
311 3423 373 3482 hoc
388 3421 518 3482 dixerit:
534 3421 592 3481 sed
608 3421 685 3497 quid
701 3419 976 3481 dicaturattende.

222 3519 383 3580 Homines
405 3529 590 3580 transeunt:
619 3520 678 3578 sed
700 3517 820 3578 veritas
843 3517 976 3578 Domini

588 3623 612 3664 12
