2146 4194
244 463 365 516 &m
436 463 475 504 DE
491 462 669 506 ΙΜΙΥΑΥῙΟΝΕ
684 463 809 508 CHRISTI
880 467 1003 519 m&

246 596 409 657 transiens
432 596 572 656 liliorum
596 597 674 657 Dei:
703 597 759 674 qui
787 608 874 659 stant
901 616 1004 676 super
1064 635 1065 644 κ

246 694 431 771 praesentia
460 704 493 755 et
523 696 735 770 speculantur
762 705 910 771 aeterna3
946 697 1002 774 qui

246 791 431 851 transitoria
465 792 600 852 sinistro
634 793 804 854 intuentur
838 795 934 854 oculo
971 805 1004 854 et

246 889 359 948 dextro
394 889 564 949 caelestia:
599 906 682 967 quos
714 892 905 967 temporalia
936 909 1003 952 non

223 986 378 1046 strabunt
391 986 431 1046 ad
446 987 700 1064 inhaerendum3
719 989 777 1048 sed
793 990 925 1051 trahunt
939 990 1003 1066 ipsi

247 1083 350 1160 magis
372 1101 410 1144 ea
431 1085 470 1144 ad
492 1086 576 1146 bene
601 1086 812 1147 serviendum
835 1097 932 1163 prout
952 1105 1004 1148 or·

246 1180 354 1240 dinata
375 1192 452 1242 sunt
473 1201 491 1242 a
508 1184 580 1243 Deo
602 1193 634 1244 et
655 1184 811 1261 instituta,
831 1203 851 1245 a
872 1202 1004 1246 summo

247 1278 380 1355 opifice:
395 1280 450 1356 qui
466 1281 511 1340 nil
523 1281 741 1344 inordinatum
753 1283 786 1343 in
801 1299 861 1342 sua
871 1281 1005 1358 reliquit
1065 1323 1066 1332 η

247 1387 404 1436 creatura.

214 1491 238 1532 ro
288 1472 322 1533 Si
345 1475 441 1535 etiam
465 1476 498 1535 in
525 1478 612 1537 omni
636 1488 756 1539 eventu
784 1487 852 1538 stas
881 1494 948 1538 non
971 1478 1005 1538 in

247 1571 434 1647 apparentia
467 1584 619 1651 enema,
654 1593 716 1637 nec
750 1577 846 1637 oculo
882 1576 1005 1636 carnali
1065 1651 1066 1656 ἵ

248 1670 367 1729 lustras
377 1669 449 1730 visa
458 1673 510 1731 vel
521 1673 645 1750 audita;
660 1674 719 1734 sed
730 1690 805 1734 mox
815 1674 848 1733 in
860 1673 1007 1750 qualibet

248 1783 347 1827 causa
368 1767 469 1828 intras
485 1787 558 1829 cum
575 1770 694 1848 Moyse
709 1771 742 1831 in
758 1771 1006 1831 tabernaculum

248 1865 286 1924 ad
309 1866 547 1927 consulendum
570 1868 763 1945 Dominum;
789 1868 903 1928 audies
925 1885 1008 1927 non-

215 1981 239 2022 15
249 1979 426 2039 numquam
442 1964 587 2032 divinum
607 1982 820 2042 responsum:
842 1977 875 2026 et
896 1965 1009 2025 redies

249 2061 1009 2139 instructusdemultispraesentibusetfuturis.

250 2157 388 2233 Semper
416 2159 503 2219 enim
528 2160 665 2237 Moyses
694 2177 864 2220 recursum
893 2160 1010 2221 habuit

249 2256 289 2316 ad
304 2257 547 2317 tabernaculum
564 2275 621 2334 pro
637 2258 745 2318 dubiis
760 2267 792 2319 ct
806 2257 1011 2334 quaestioni·

249 2355 311 2414 bus
333 2355 516 2416 solvendis:
542 2356 688 2434 fugitque
712 2356 751 2419 ad
773 2355 931 2417 orationis
952 2357 1011 2416 ad·

213 2452 403 2513 zoiutorium
426 2470 484 2530 pro
506 2454 662 2529 periculis
691 2464 722 2515 et
744 2454 1011 2531 improbitatibus
1066 2505 1067 2508 ,

249 2548 419 2608 hominum
449 2550 669 2611 sublevandis.
718 2551 772 2612 Sic
803 2561 835 2612 et
866 2561 900 2612 tu
930 2569 1011 2612 con-

250 2647 363 2723 iugere
392 2646 493 2707 debes
521 2648 554 2708 in
577 2649 685 2709 cordis
707 2649 752 2710 tui
775 2649 1012 2710 secretarium:

250 2744 396 2804 divinum
413 2745 569 2806 intentius
585 2746 787 2822 implorando
802 2747 1011 2824 suffragium.

251 2842 428 2918 Propterea
457 2860 597 2920 namque
627 2845 723 2905 losue
754 2856 786 2906 et
818 2843 874 2904 lilii
906 2846 1011 2906 lsrael

214 2958 268 3000 zoa
290 2939 484 3001 Gabaonitis
512 2941 664 3017 leguntur
693 2942 838 3019 decepti,
866 2943 944 3019 quia
971 2961 1012 3004 os

251 3037 382 3098 Domini
413 3037 504 3113 prius
525 3055 591 3098 non
620 3038 919 3117 interrogaverunt:
949 3041 1012 3101 sed

250 3134 386 3194 nimium
399 3135 522 3195 creduli
534 3135 684 3197 dulcibus
695 3137 915 3212 sermonibus
928 3138 1012 3198 falsa

250 3232 369 3310 pietate
391 3233 496 3293 delusi
520 3245 605 3295 sunt.

602 3407 655 3462 38
