2146 4194
240 495 361 548 m
420 459 665 538 fortunatioris
680 494 805 538 CHRISTI
844 493 988 571 'ffiffl

241 629 275 689 Si
298 629 385 689 enim
402 629 440 688 ad
460 604 563 689 instar
577 627 676 689 maris
691 629 842 689 lacrimas
858 629 988 690 lundene

191 775 194 782 .
240 743 388 802 possem:
417 726 523 787 adhuc
552 728 775 788 consolatione
802 737 857 788 tua
878 728 988 805 dignus

240 841 305 884 non
322 840 440 887 essem.
470 824 564 886 Vnde
579 823 661 884 nihil
676 825 794 902 dignus
809 841 882 885 sum
898 842 988 903 quam

241 921 394 998 flagellari
411 934 442 982 et
457 922 582 998 puniri3
602 922 679 998 quia
692 922 834 999 graviter
849 933 881 983 et
897 939 988 999 saepe

217 1027 271 1078 ste
300 1018 439 1079 offendi:
470 1029 502 1080 et
531 1020 564 1080 in
596 1019 706 1080 multis
736 1022 831 1081 valde
862 1020 990 1097 deliqui.

241 1117 324 1192 Ergo
346 1133 423 1177 vera
445 1127 579 1193 pensata
601 1117 742 1178 ratione:
771 1135 832 1178 nec
861 1118 991 1178 minima

240 1231 312 1274 sum
328 1214 446 1290 dignus
461 1214 694 1275 consolatione.
720 1215 784 1276 Sed
798 1225 832 1275 tu
849 1216 992 1276 clemens

240 1321 272 1371 et
300 1311 489 1372 misericors
512 1313 604 1372 Deus
631 1312 686 1390 qui
716 1329 781 1373 non
810 1313 862 1374 vis
888 1315 993 1391 perire

240 1426 339 1485 opera
360 1419 415 1470 tua
436 1411 476 1469 ad
498 1410 736 1471 ostendendum
753 1410 882 1471 divitias
904 1412 994 1471 boni·

206 1508 314 1568 rotatis
336 1518 410 1568 tuae
439 1508 472 1568 in
502 1525 580 1568 vasa
608 1507 868 1583 misericordiae,
898 1509 992 1570 etiam

240 1613 368 1679 praeter
389 1621 486 1665 omne
502 1604 667 1681 proprium
684 1604 836 1666 meritum
853 1607 994 1684 dignaris

240 1701 402 1762 consolari
425 1719 557 1763 servum
580 1712 671 1763 tuum
696 1719 794 1779 supra
816 1705 993 1765 humanum

240 1800 383 1859 modum.
426 1799 514 1860 Tuae
536 1799 623 1860 enim
647 1800 905 1862 consolationes:
930 1820 994 1862 non

240 1896 884 1958 suntsicutnumanaeconfabulationes.
907 1897 994 1974 Quid

207 2015 231 2054 rs
241 1995 290 2072 egi
315 1995 472 2072 Domine;
502 2006 536 2055 ut
558 1995 636 2055 mihi
661 1994 830 2055 conferres
854 1994 993 2071 aliquam

240 2095 415 2155 caelestem
432 2094 716 2154 consolationem?
741 2094 806 2168 Ego
822 2092 904 2152 nihil
920 2093 995 2153 boni

240 2208 292 2250 me
315 2191 423 2267 egisse
451 2192 575 2267 recolo;
603 2191 661 2252 sed
691 2207 823 2267 semper
850 2191 889 2250 ad
920 2190 997 2252 vitia
1058 2181 1059 2198 ¹

241 2305 395 2364 pronum:
432 2300 464 2348 et
495 2290 533 2349 ad
570 2287 832 2348 emendationem
868 2289 995 2365 pigrum

242 2385 354 2446 luisse.
377 2386 500 2447 Verum
513 2396 578 2447 est:
594 2395 627 2446 et
639 2402 758 2462 negare
769 2402 834 2446 non
850 2403 997 2462 possum.

204 2483 274 2544 aoSi
298 2484 392 2544 aliter
413 2484 574 2560 dicerem,
603 2494 637 2544 tu
660 2493 764 2544 stares
793 2493 907 2544 contra
929 2500 997 2545 me:

240 2591 273 2641 et
292 2598 357 2641 non
374 2591 462 2642 esset
483 2582 538 2658 qui
555 2581 757 2641 defenderet.
786 2581 875 2658 Quid
892 2581 997 2642 merui

240 2695 298 2754 pro
313 2679 456 2754 peccatis
467 2679 568 2754 meis3
583 2679 646 2738 nisi
662 2678 828 2739 infernum
845 2687 877 2738 et
889 2678 997 2756 ignem

240 2775 436 2834 aeternum?
466 2776 501 2834 ln
516 2775 654 2836 veritate
669 2775 828 2836 confiteor
842 2776 998 2851 quoniam

240 2871 357 2948 dignus
379 2888 451 2932 sum
470 2872 560 2933 omni
583 2872 722 2933 ludibrio
745 2883 777 2932 et
792 2881 999 2948 contemptu:

204 2985 302 3028 zsnec
325 2969 418 3029 decet
446 2986 499 3030 me
528 2969 615 3030 inter
643 2979 717 3030 tuos
745 2970 882 3030 devotos
912 2986 1000 3028 conr-

241 3066 424 3126 memorari.
468 3067 506 3126 Et
535 3067 611 3126 licet
640 3068 702 3126 lroc
732 3081 827 3141 aegre
852 3065 1000 3141 audiam3

240 3171 348 3222 tamen
377 3164 551 3224 adversum
582 3181 634 3224 me
667 3181 725 3240 pro
756 3162 893 3224 veritate
925 3181 1000 3240 pec·
1056 3183 1057 3194 ¹

241 3270 310 3319 cata
332 3278 404 3321 mea
426 3278 574 3338 arguam:
605 3271 639 3322 ut
662 3260 790 3321 facilius
813 3260 1000 3321 misericor·

241 3355 325 3415 diam
337 3365 424 3416 tuam
439 3375 567 3419 merear
582 3360 765 3435 impetrare.
791 3358 879 3435 Quid
892 3359 1000 3420 dicam

204 3470 332 3526 aureus,
355 3464 386 3514 et
408 3456 496 3514 omni
520 3456 713 3517 confusione
735 3456 880 3531 plenus?
926 3457 1001 3518 Non

241 3551 345 3610 habeo
356 3568 393 3609 os
405 3553 557 3628 loquendi
568 3554 703 3613 nisihoc
713 3553 1002 3628 tantumvcrbum;

599 3658 639 3698 2⁴2
