2160 4194
86 473 407 528 summovemus
433 473 498 514 121³
521 470 842 524 wasemes>

89 607 201 668 tudine
222 606 370 684 gloriari:
392 604 607 666 vanissimum
630 613 680 663 est
702 613 733 663 et
748 602 840 663 vitio·

90 722 172 765 sum.
201 705 235 764 In
252 705 352 764 multa
364 702 560 763 abstinentia
579 712 610 762 et
630 701 840 780 castigatione

91 801 235 878 corporis
263 801 447 862 conversati
476 810 552 860 sunt
580 799 700 860 sancti:
729 811 760 860 et
782 817 840 876 pro

90 897 841 975 afflictionepraesentireceperuntconsolatio-

89 1015 164 1058 nem
187 997 327 1074 Spiritus
353 996 467 1056 sancti.
510 995 585 1055 Non
612 1005 662 1055 est
683 995 801 1072 dignus
823 1012 863 1054 as

91 1098 160 1157 Deo
183 1094 360 1156 consolari:
389 1093 443 1171 qui
473 1093 506 1153 in
529 1092 724 1153 transitoriis
745 1093 841 1153 bonis

90 1194 287 1268 delectatur,
322 1201 354 1252 et
384 1191 424 1251 de
455 1191 592 1266 penuria
622 1191 840 1251 contristatur.

90 1289 155 1367 Qui
167 1289 327 1366 patienter
341 1289 481 1349 sustinet
496 1289 638 1349 laborem
653 1300 685 1350 et
695 1291 839 1350 dolorem

4 1426 5 1441 r
89 1389 121 1449 in
145 1387 279 1448 servitio
295 1386 438 1449 Christi:
460 1386 596 1463 recipiet
613 1388 741 1463 plenam
757 1403 840 1447 mer·

4 1475 5 1478 '
88 1485 201 1544 cedem
225 1484 321 1545 etiam
337 1501 395 1561 pro
411 1484 547 1544 minimo
562 1501 668 1561 passo.
697 1485 841 1546 Castitas
853 1500 877 1542 ro

88 1584 209 1643 multos
225 1583 321 1642 habet
336 1583 595 1659 impugnatores3
611 1583 669 1642 sed
684 1583 739 1660 qui
751 1599 841 1643 vera-

87 1681 170 1741 citer
198 1697 234 1740 se
257 1680 446 1756 humiliant,
474 1691 505 1741 et
528 1682 634 1742 Deum
660 1681 840 1742 adiutorem

86 1776 229 1838 sollicite
251 1788 422 1853 quaerunt,
446 1795 483 1839 ac
505 1795 625 1838 sensus
647 1796 726 1838 suos
748 1787 841 1838 caute

8 1931 11 1938 .
86 1874 291 1936 custodiunt:
319 1875 488 1935 victoriam
512 1875 648 1937 Christo
676 1877 758 1938 duce
787 1877 841 1936 ob·

84 1973 245 2034 tinebunt.
853 1991 877 2031 rs

124 2205 171 2264 De
194 2204 267 2265 utili
288 2205 435 2265 exercitio
457 2206 491 2265 in
513 2206 580 2266 vita
600 2210 633 2265 et
649 2205 803 2281 passione

402 2310 528 2371 Christi.

318 2493 524 2542 CAPITVLVM
542 2493 610 2542 XIII.

82 2599 351 2817 &mimum
364 2655 554 2716 exercitium
567 2666 598 2716 et
609 2655 840 2718 suavissimum

86 2773 114 2816 rs
228 2754 386 2814 solacium
409 2754 495 2830 quod
518 2753 550 2812 in
566 2755 627 2814 hac
649 2755 714 2815 vita
735 2764 878 2831 potestao

82 2851 199 2912 haberi
229 2860 279 2911 est
301 2851 366 2910 vita
395 2861 427 2910 et
448 2850 557 2927 passio
581 2851 712 2912 Domini
738 2852 840 2913 nostri

83 2950 162 3010 Iesu
195 2948 342 3023 Christi;
374 2947 450 3024 quia
480 2958 545 3008 tam
577 2948 610 3008 in
642 2949 706 3009 vita
737 2950 841 3010 activa

79 3064 183 3124 quam
207 3044 458 3121 contemplativa
480 3046 720 3122 perfectissime
737 3047 841 3107 homi·

81 3162 162 3205 nem
186 3145 297 3220 docet,
326 3144 398 3204 sine
420 3161 531 3204 errore
561 3154 592 3204 et
614 3145 725 3206 multis
749 3162 840 3222 argu·

81 3241 224 3302 mentis:
253 3242 339 3318 quod
368 3242 401 3301 in
423 3242 496 3302 aliis
518 3243 666 3304 scientiis
693 3260 764 3303 raro
794 3244 877 3304 imas

80 3339 226 3400 venitur.
273 3339 373 3417 Igitur
401 3339 589 3400 firmissima
616 3350 649 3401 et
678 3341 841 3402 tutissima

80 3436 138 3498 via
160 3437 199 3496 ad
222 3437 458 3513 perfectionem
482 3449 513 3499 et
535 3439 656 3500 mentis
679 3439 840 3500 illumina-

79 3535 209 3596 tionem
232 3544 329 3611 atque
350 3544 502 3596 aeternae
524 3535 609 3596 vitae
631 3536 840 3597 introductio·

443 3641 485 3682 soa
