2160 4194
83 451 843 508 mmssffiiffiwffiim

85 584 171 645 nihil
194 602 251 662 age
268 603 325 662 per
346 586 537 647 elationem:
560 587 618 647 sed
640 587 674 648 in
690 587 843 648 omnibus

86 681 226 742 humilia
247 691 347 744 temet
368 684 486 761 ipsum.
515 685 576 746 Via
598 686 637 746 ad
660 687 842 747 caritatem:

88 789 140 840 est
169 780 370 843 descendere
401 799 459 859 per
489 782 716 844 humilitatem.
759 783 842 844 Nam

88 877 147 954 qui
169 879 252 938 elate
274 879 313 939 de
342 896 379 940 se
408 879 523 940 sentit:
552 880 647 958 ionge
672 899 690 941 a
711 881 843 942 caritate

88 976 223 1036 recedit.
852 991 866 1031 s

132 1073 236 1150 Saepe
251 1085 381 1151 putatur
396 1093 470 1136 esse
482 1077 614 1138 caritas:
630 1088 662 1138 et
676 1088 726 1139 est
741 1078 843 1156 magis

89 1173 272 1233 carnalitas,
295 1173 448 1235 Libenter
461 1175 573 1236 bibere
584 1175 696 1237 vinum
712 1187 744 1237 et
754 1176 842 1253 loqui

89 1287 166 1331 cum
183 1270 330 1332 ieminis:
346 1288 420 1332 caro
436 1282 495 1333 est.
519 1273 619 1334 Laute
629 1275 802 1335 comedere
813 1284 845 1335 et

90 1378 204 1428 ornate
215 1369 343 1430 vestiri:
358 1386 433 1430 caro
445 1380 505 1431 est.
521 1370 585 1431 Diu
602 1370 737 1432 fabulari
749 1381 781 1433 et
792 1389 844 1448 pa·

91 1483 164 1526 rum
181 1466 325 1544 operari:
343 1484 417 1527 caro
438 1479 497 1528 est.
527 1469 611 1528 Raro
627 1485 719 1529 orare
736 1479 767 1530 et
783 1470 845 1530 ire·
856 1481 881 1521 ¹⁰

91 1574 231 1641 quenter
241 1564 321 1624 ioris
331 1565 456 1642 vagari:
471 1583 546 1627 caro
557 1577 616 1627 est.
636 1565 687 1626 Ad
697 1585 844 1628 mensam

91 1661 249 1722 festinare
271 1672 302 1723 et
327 1663 365 1722 ad
395 1663 568 1724 ecclesiam
598 1665 741 1726 tardare:
770 1682 845 1725 caro

91 1770 153 1821 est.
176 1760 233 1820 Ille
243 1776 354 1820 veram
371 1761 524 1836 probatur
533 1762 654 1823 habere
665 1762 846 1838 caritatem3

92 1857 149 1934 qui
180 1857 325 1918 funditus
356 1857 423 1918 odit
451 1858 563 1918 mundi
593 1858 784 1920 vanitatem:
815 1869 846 1920 et

93 1955 256 2015 carnalem
294 1954 375 2031 fugit
413 1955 673 2017 familiaritatem.
730 1957 847 2018 Sancta
858 1969 883 2010 ¹⁵

93 2050 215 2127 quippe
237 2051 354 2112 caritas
375 2069 440 2113 non
463 2053 589 2129 quaerit
610 2053 643 2113 in
659 2055 847 2115 hominibus

93 2149 253 2210 solacium
275 2160 458 2211 terrenum:
480 2151 539 2210 sed
558 2151 760 2227 spiritualem
776 2170 848 2229 pro·

93 2245 228 2306 fectum.
264 2247 347 2307 Nam
377 2249 517 2308 animam
543 2249 651 2325 potius
673 2260 787 2326 pensat
809 2249 848 2309 ad

94 2343 157 2403 Dei
188 2344 362 2422 imaginem
391 2346 524 2407 iactam:
553 2363 683 2408 carnem
707 2364 785 2408 vero
809 2347 848 2407 ad

94 2441 217 2501 malum
233 2443 409 2518 proclivam
430 2444 549 2521 refugit
564 2454 598 2505 ut
613 2445 675 2504 sibi
689 2445 847 2505 nocivam.
857 2454 884 2495 2⁰

94 2540 227 2601 Caritas
254 2557 318 2600 non
351 2541 447 2602 debet
479 2541 542 2602 dici
576 2541 629 2601 ubi
663 2543 755 2602 zelus
784 2559 848 2602 non

94 2648 147 2698 est
157 2637 316 2698 iustitiae:
332 2654 392 2698 nec
404 2638 514 2698 fervor
524 2639 726 2715 disciplinae.
751 2640 849 2717 Quis·

94 2735 171 2812 quis
188 2736 293 2796 Deum
316 2745 349 2796 et
370 2736 553 2812 proximum
570 2738 730 2798 veraciter
751 2749 849 2798 amat:

94 2832 248 2893 iniuriam
272 2833 333 2894 Dei
356 2845 388 2895 et
409 2835 590 2896 animarum
612 2837 765 2897 damnum
786 2837 850 2896 dis·

94 2930 253 2991 simulare
275 2948 341 2992 non
363 2932 468 2993 debet.
505 2934 571 2993 Pax
587 2951 661 2994 cum
676 2933 886 2994 virtutibus2⁵

94 3028 182 3087 bona
204 3037 271 3089 est:
293 3045 367 3089 cum
383 3030 471 3090 vitiis
487 3047 564 3090 vero
582 3047 770 3107 numquam,
792 3031 850 3090 sed

93 3142 231 3201 semper
245 3126 337 3187 mala.
368 3127 413 3186 lbi
430 3137 480 3188 est
495 3129 600 3188 bonus
618 3137 721 3187 status
743 3137 775 3187 et
790 3144 851 3203 pax

94 3224 130 3283 in
163 3224 278 3284 domo:
310 3225 363 3284 ubi
395 3225 544 3286 deiectus
575 3225 790 3285 emendantur
820 3235 851 3284 et

93 3321 176 3380 vitia
197 3321 261 3381 cito
284 3331 484 3382 resecantur.

450 3451 504 3508 et

496 3503 508 3528 ἱ

457 3622 497 3664 307
