2138 4196
240 473 360 526 mm
431 473 470 515 or
485 473 665 516 mrrnrrona
680 471 804 514 eumsrr
876 471 998 524 &aad

240 609 346 667 Deum
369 607 492 667 anima:
514 607 575 666 sub
591 607 662 667 Deo
678 605 816 682 despicit
831 604 997 665 universa.

240 703 336 764 Solus
349 704 440 763 Deus
450 713 603 764 aeternus
615 714 646 764 et
661 703 843 762 immensus
854 701 998 777 implens

239 801 362 861 omnia:
391 800 549 861 solacium
579 800 706 860 animae
735 810 767 859 et
787 815 865 858 vera
888 799 998 859 cordis

239 899 370 960 laetitia.

216 1115 230 1155 s
391 1093 447 1153 DE
470 1091 668 1153 LAETITIA
691 1090 842 1153 ΒΟΝΑΕ

449 1188 789 1253 ΟΟΝὸΟΙΕΝΤΙΑΕ.

482 1348 688 1398 CAPITVLVM
706 1347 751 1395 VI.

239 1426 451 1644 &mia
476 1484 552 1544 boni
582 1484 741 1544 hominis:
770 1482 997 1543 testimonium

240 1596 266 1644 te
375 1584 480 1643 bonae
503 1580 733 1642 conscientiae.
768 1579 861 1639 Habe
876 1580 997 1640 bonam

205 1680 531 1741 toconscientiamtet
542 1679 677 1739 habebis
688 1677 997 1752 semperlaetitiam.

239 1778 331 1837 Bona
353 1777 554 1837 conscientia
576 1776 669 1836 valde
685 1776 785 1836 multa
800 1785 908 1851 potest
924 1792 996 1851 por·

238 1886 322 1935 tare:
354 1886 385 1936 et
413 1875 507 1935 valde
536 1875 620 1934 laeta
651 1884 701 1934 est
731 1873 817 1933 inter
847 1873 996 1933 adversa.

239 1973 326 2033 Mala
348 1972 565 2048 conscientia,
594 1989 726 2047 semper
749 1971 861 2031 timida
889 1981 943 2031 est
964 1981 997 2031 et

238 2070 392 2146 inquieta.
417 2069 569 2131 Suaviter
579 2069 822 2146 requiescestsi
834 2085 891 2128 cor
901 2079 996 2129 tuum

204 2179 269 2229 rste
291 2185 356 2227 non
379 2168 635 2243 reprehenderit.
679 2167 753 2228 Noli
776 2166 904 2226 laetari:
930 2166 995 2226 nisi

238 2284 311 2327 cum
327 2267 411 2326 bene
428 2264 557 2325 feceris.
580 2265 659 2325 Mali
680 2280 857 2341 numquam
873 2264 996 2323 habent

237 2381 348 2424 veram
377 2361 532 2422 laetitiam
564 2380 625 2422 nec
654 2362 815 2423 internam
847 2361 996 2420 sentiunt

237 2479 367 2537 pacem:
399 2460 475 2537 quia
506 2476 572 2519 non
603 2471 654 2520 est
684 2477 745 2535 pax
774 2457 884 2534 impiis
916 2458 996 2518 dicit

238 2558 409 2618 Dominus,
441 2557 480 2616 Et
494 2557 521 2616 si
538 2557 688 2632 dixerint,
710 2557 743 2616 in
765 2572 845 2631 pace
866 2573 996 2630 sumus,

200 2670 302 2715 zonon
333 2655 467 2715 venient
498 2671 598 2730 super
628 2670 689 2712 nos
721 2653 824 2727 mala,
855 2663 887 2712 et
919 2653 995 2728 quis

237 2751 332 2811 nobis
363 2768 483 2810 nocere
519 2750 667 2810 audebit:
704 2767 746 2809 ne
781 2750 895 2809 credas
928 2749 995 2823 eis;

237 2850 390 2926 quoniam
414 2859 548 2925 repente
570 2859 706 2924 exurget
727 2849 775 2908 ira
797 2847 875 2922 Dei,
904 2858 938 2907 et
960 2848 994 2907 in

237 2947 375 3008 nihilum
392 2946 580 3023 redigentur
594 2956 685 3006 actus
707 2963 838 3006 eorum:
860 2956 892 3006 et
907 2946 994 3022 cogi·

237 3044 376 3105 tationes
388 3061 500 3104 eorum
512 3043 673 3120 peribunt.
694 3042 837 3104 Gloriari
849 3043 882 3102 in
893 3042 994 3104 tribu·

200 3141 368 3217 asiatione,
390 3160 455 3201 non
478 3153 528 3202 est
548 3159 646 3218 grave
669 3141 804 3202 amanti:
833 3140 881 3200 sic
903 3140 993 3200 enim

237 3240 367 3316 gloriari
404 3250 454 3300 est
488 3239 618 3316 gloriari
651 3238 683 3298 in
720 3255 817 3298 cruce
848 3237 993 3298 Domini.

239 3337 356 3397 Brevis
377 3337 495 3413 gloria:
522 3354 605 3414 quae
628 3338 666 3396 ab
689 3336 878 3397 hominibus
900 3336 995 3395 datur

238 3447 270 3495 et
281 3435 446 3511 accipitur.
475 3434 590 3494 Mundi
606 3434 741 3510 gloriam
752 3450 884 3508 semper
894 3433 993 3493 comi·

238 3543 323 3594 tatur
351 3533 490 3594 tristitia.
533 3532 700 3591 Bonorum
728 3530 831 3608 gloria
859 3529 892 3589 in
917 3547 993 3590 con·

603 3637 630 3676 aa
