2160 4194
196 435 238 488 63
261 435 404 478 llsellvs
419 435 459 478 DE
474 435 649 479 DISCIPLINA
663 435 892 480 cluvsmllvtt
913 435 959 489 ᾸΘ

199 579 347 648 possunt,
368 581 480 630 nostra
499 570 706 630 conversatio
727 571 761 631 in
775 572 878 632 caelis
892 581 958 632 est.

200 669 283 730 Nam
304 669 400 729 valde
421 669 515 746 pauci
537 669 581 728 ita
596 668 708 728 nudati
730 668 958 746 inveniuntur,

199 767 255 844 qui
288 777 392 827 totum
427 765 582 826 allectum
617 783 714 825 suum
749 767 789 826 ad
820 778 959 828 aeterna

199 865 344 942 erigunt:
372 875 405 924 et
425 865 467 924 de
489 863 632 924 terrenis
652 863 776 924 divitiis
797 876 830 925 et
851 867 957 926 hono-

175 963 290 1022 sribus
311 962 393 1022 nihil
421 962 577 1022 ambiunt
620 961 687 1038 Qui
710 966 819 1022 autem
841 980 958 1023 amore

199 1059 325 1122 Christi
361 1060 491 1120 accensi
528 1060 561 1119 in
593 1069 782 1136 paupertate
811 1070 844 1120 et
876 1077 958 1120 con·

197 1169 322 1235 temptu
344 1159 395 1219 sui
416 1157 575 1235 gaudent3
595 1168 693 1234 atque
714 1174 771 1218 cor
791 1157 825 1217 in
847 1159 959 1218 humi-

198 1257 287 1317 litate
302 1257 499 1333 deprimunt,
514 1266 547 1316 et
560 1257 602 1316 de
612 1258 723 1334 parvis
737 1259 959 1336 neglegentiis

198 1354 295 1415 etiarn
315 1356 429 1416 stricte
449 1372 487 1416 se
509 1355 600 1431 ipsos
614 1357 875 1432 reprehendunt:
895 1358 960 1433 qui

165 1451 385 1511 ronecessaria
411 1453 496 1513 vitae
526 1453 636 1513 sobrie
666 1465 700 1514 et
729 1471 803 1515 curn
835 1455 961 1515 timore

199 1550 347 1626 capiunt,
375 1560 408 1610 et
429 1550 538 1627 potius
561 1549 670 1611 minus
692 1568 788 1628 quam
812 1552 958 1628 emplius

199 1647 389 1725 requirunt3
423 1647 457 1707 hi
493 1658 570 1708 sunt
604 1650 674 1709 veri
710 1660 957 1727 contemptores

200 1747 330 1821 mundi,
360 1757 394 1806 et
420 1745 516 1806 amici
540 1745 601 1805 Dei
631 1746 670 1806 ad
699 1747 834 1822 patriam
863 1746 957 1808 lesti-

199 1855 333 1920 nanteS‚
361 1843 462 1920 parati
490 1843 532 1903 de
560 1859 697 1919 corpore
725 1845 833 1920 exire,
860 1845 958 1905 etad

166 1957 191 1997 rs
201 1942 372 2005 Christum
390 1941 487 2002 citius
502 1942 692 2018 pervenire:
714 1959 780 2003 non
795 1942 959 2003 habentes

200 2041 286 2118 quod
328 2039 432 2117 possit
471 2056 529 2100 eos
571 2039 604 2098 in
647 2041 779 2138 saeculo
815 2039 959 2101 delecta-

200 2139 308 2199 biliter
329 2138 481 2199 retinere.
513 2136 602 2196 Felix
623 2137 731 2197 anima
747 2137 800 2198 cui
814 2138 877 2198 tale
899 2138 959 2198 de·

200 2235 357 2296 siderium
379 2235 475 2311 inest,
497 2245 529 2295 et
550 2252 608 2311 per
629 2235 777 2313 singulos
798 2234 868 2295 dies
890 2235 960 2296 ler-

201 2350 313 2395 vorem
328 2333 415 2394 addit
438 2333 575 2408 lervori3
597 2350 662 2394 non
682 2333 846 2394 desistens
861 2349 959 2394 orare

164 2441 233 2492 2⁰et
255 2432 419 2492 clamitare
445 2431 484 2490 ad
507 2430 678 2493 Christum
707 2431 811 2492 donec
832 2430 959 2507 aperia-

202 2541 254 2590 tur
282 2529 343 2589 sibi
373 2539 465 2604 porta
493 2527 590 2588 caeli:
620 2538 652 2588 et
680 2527 879 2605 ingrediatur
905 2546 958 2590 re·

200 2645 300 2704 gnum
323 2627 384 2687 Dei
414 2625 541 2686 cunctis
570 2625 721 2686 lidelibus
745 2625 959 2703 promissum.

202 2722 231 2784 Ο
263 2725 355 2784 beata
390 2723 510 2800 patria,
545 2723 599 2783 ubi
635 2731 792 2799 perpetua
826 2722 959 2797 laetitia,

202 2838 263 2896 pax
293 2838 438 2896 summa,
469 2821 555 2882 clara
586 2821 646 2881 Dei
678 2820 807 2881 notitia:
839 2819 958 2880 caritas

165 2918 346 2994 2⁵perlecta
377 2928 408 2979 et
437 2918 600 2978 beatitudo
632 2927 865 2978 consummata.
908 2916 957 2977 Ibi

203 3015 319 3075 melior
353 3026 403 3076 est
438 3016 509 3076 dies
544 3032 609 3075 una
643 3032 739 3092 quam
778 3015 831 3075 hic
867 3014 958 3075 mille

203 3113 308 3188 milia3
336 3112 412 3189 quia
440 3112 483 3172 ibi
513 3113 649 3190 penuria
679 3113 783 3173 nulla:
814 3111 867 3172 hic
898 3111 958 3171 mi·

203 3210 288 3270 seria
320 3210 436 3284 multa,
468 3227 528 3286 pax
559 3227 647 3285 rara,
678 3208 818 3286 cognitio
849 3225 958 3284 parva.

204 3306 292 3383 Quid
315 3307 426 3367 miseri
456 3306 545 3384 loqui
576 3317 713 3383 possunt
735 3306 775 3366 de
804 3304 958 3364 felicitate

166 3418 356 3479 eosuperna,
378 3404 455 3481 quid
473 3405 627 3465 mortales
650 3420 766 3480 capere
788 3402 896 3462 sciunt
917 3402 959 3462 de

204 3502 394 3562 aeternitate
416 3511 548 3562 veraet
569 3501 634 3562 vita
656 3500 871 3578 sempitema3
893 3499 959 3559 nisi

561 3605 601 3646 318
