2178 4186
528 425 693 480 Epllegomena.

232 557 259 600 Α.
275 557 301 600 li.
314 558 342 600 D.
355 558 451 600 Eusebio
464 557 550 612 Amort,
566 590 571 600 .
588 590 593 601 .
610 589 616 601 .
632 559 765 611 (utsupra).
791 556 901 600 Coloniae
911 557 989 611 Agrip-

233 614 311 664 pinae,
334 610 466 664 Sumptibus
487 611 579 654 Henrici
600 613 825 664 liommerskirchen,
848 611 989 664 Bibliopolae

1062 511 1074 534 ι’

232 666 296 706 Anno
310 664 511 707 nlmccxxvttl.
540 666 657 708 Permiasu
675 664 831 719 superiorum.
855 666 887 708 4⁰.
911 665 988 719 68pp.
1074 681 1075 686 ¹

233 717 326 771 [Becker
338 719 400 772 3142,
415 719 499 761 Fromm
513 718 573 772 75.]ι

272 773 292 823 c)
308 772 383 814 Amori
396 773 451 816 Ded.
470 791 496 807 =
516 773 606 815 Eusebii
620 773 698 814 limort
716 774 816 814 cononici
837 772 949 824 regularis
968 781 988 814 et

232 826 308 867 decani
318 826 443 878 Pollingani
453 826 562 868 Deductlo
572 826 656 869 Critica
666 839 709 879 qua
719 827 779 878 iuxta
789 827 889 868 sanioris
899 828 988 868 criticae

232 879 291 931 leges
307 880 420 922 moraliter
434 889 518 922 certum
534 880 633 922 redditur
647 892 697 921 ven.
708 877 817 921 Thomam
834 878 987 932 Kempensem

233 932 350 974 Librorum
366 934 392 975 de
408 932 533 975 imitatione
548 933 636 975 Christi
653 934 768 976 authorem
788 945 848 975 esse.
879 931 940 974 Cum
956 946 988 974 re·

231 989 355 1038 sponsione
369 987 396 1027 ad
411 989 568 1039 oppositiones
579 985 725 1029 Geraeaistae
740 985 877 1040 Schyrensis
893 986 987 1028 frivolas

231 1052 257 1081 eo
277 1041 343 1082 modo
361 1042 457 1093 scripta,
478 1048 503 1081 ut
524 1053 565 1093 pro
586 1041 683 1093 generali
705 1040 801 1082 formula
820 1043 880 1082 circa
901 1048 987 1081 contro

231 1095 318 1136 versiae
340 1094 459 1135 historicas
479 1094 506 1136 de
527 1097 633 1147 scriptis,
657 1094 797 1136 documentis
833 1096 987 1136 monumentis

231 1147 265 1188 vel
280 1149 335 1188 actis
350 1148 447 1200 publicis
466 1156 566 1189 veterum
586 1148 661 1190 haberi
681 1150 761 1200 possit.
791 1124 850 1189 Cum
871 1149 986 1200 permissu
1074 1173 1075 1200 2

230 1203 382 1252 superiorum.
401 1200 434 1243 Au
466 1209 513 1243 stae
524 1201 699 1254 Vindelicorum,
709 1201 915 1253 sumptibusJoan.
927 1199 986 1242 Con·
1074 1223 1075 1228 =

231 1253 277 1294 radi
296 1253 395 1297 Wohlerl
455 1255 533 1308 ibliop.
556 1253 673 1297 Ulmensis
695 1252 845 1296 MDCCLXl.
877 1256 910 1296 4⁰.
938 1255 986 1296 iet

228 1307 269 1348 344
283 1317 304 1349 et
318 1308 331 1348 8
346 1320 384 1361 pp.
401 1285 494 1360 [Becker
506 1309 568 1362 3163,
583 1309 667 1350 Fromm
681 1307 738 1361 5⁰8.]

270 1369 292 1419 d)
308 1369 383 1412 Amori
396 1370 452 1412 Mor.
468 1387 493 1404 =
509 1369 598 1413 Eusebil
613 1371 690 1412 nmort
706 1369 814 1412 Canonici
833 1368 986 1422 Regularis&

230 1421 312 1464 Decani
329 1423 453 1476 Pollinganl
471 1423 548 1466 Revthl
563 1437 587 1466 ac
603 1423 675 1466 Serrhi
692 1424 720 1465 D.
735 1423 762 1466 D.
775 1423 865 1476 losephi
878 1423 984 1476 Episcopi

228 1476 365 1528 Augustani,
385 1475 409 1518 S.
431 1477 456 1518 it.
478 1477 494 1518 1.
515 1477 628 1530 Principis
649 1477 827 1530 Darmstadiani,
852 1476 985 1530 Landgravii

230 1528 327 1572 Hassiae
334 1540 375 1572 etc.
384 1539 425 1573 etc.
443 1529 550 1583 Theologi
561 1531 654 1573 Moralis
662 1529 780 1573 Certitudo
788 1543 829 1583 pro
839 1543 891 1572 ven.
900 1529 986 1572 Thoma

230 1581 352 1636 Kempensi
378 1581 462 1625 Contra
487 1585 633 1637 Exceptiones
658 1583 715 1625 Novi
740 1582 888 1626 Gersonistae
914 1583 986 1625 Ratis·

228 1637 336 1679 bonensis
348 1637 378 1678 Ex
390 1637 453 1680 Lxx.
469 1636 574 1681 Testibus
585 1640 673 1680 coaevis
684 1640 744 1680 omni
755 1640 886 1690 exceptione
897 1639 985 1689 majori·

229 1691 284 1743 bus,
306 1690 325 1731 dr
346 1703 372 1732 ex
391 1690 438 1734 llll.
458 1691 604 1734 Formulariis
624 1691 828 1744 blanuseriptorum
850 1703 984 1733 coaevorum

227 1743 278 1786 heri
294 1746 383 1798 incisis,
397 1745 541 1787 Praetensam
554 1745 759 1797 Manuscriptorum
774 1743 984 1787 Gersonisticomm

228 1800 381 1850 antiquitatem
390 1798 416 1840 de
425 1811 499 1840 errore
506 1798 534 1840 ad
542 1799 632 1840 oculum
638 1799 830 1851 convincentibus,
839 1798 985 1839 conformiter

227 1850 254 1891 ad
270 1863 336 1893 sanae
352 1850 448 1894 Criticae
460 1851 555 1905 Regulas
567 1851 721 1905 Suppiementi
737 1853 786 1893 loco
800 1852 920 1893 vindicata.
944 1851 984 1892 Ac·

227 1904 285 1946 cedit
307 1905 434 1958 Responsio
455 1906 482 1947 ad
504 1918 584 1947 novam
605 1907 731 1958 speciosam
751 1903 891 1958 Opinionem
912 1904 982 1947 RRthi

229 1957 257 1999 D.
267 1958 295 1999 D.
305 1958 364 2000 Petri
373 1958 441 2012 Falta,
449 1960 540 2001 Abbatis
549 1957 697 2001 Cassinensls
705 1959 805 2010 Brixiae3
816 1959 876 2012 quod
882 1958 896 2012 J
898 1970 982 2000 oannes

228 2009 317 2052 Gerson
326 2012 399 2054 Abbas
411 2011 592 2054 Coelestinorum
602 2012 712 2065 Lugduni,
724 2012 791 2054 irater
800 2011 915 2055 Gersonis
925 2010 983 2053 Can·

226 2065 319 2118 cellarii,
334 2067 364 2106 sit
378 2067 458 2107 author
474 2065 591 2108 Librorum
606 2066 633 2108 de
644 2065 768 2108 imitatione
779 2063 880 2108 Christi:
897 2077 983 2107 necnon

226 2117 253 2158 ad
269 2131 339 2160 novos
355 2118 411 2160 Seru
429 2120 480 2162 ulos
495 2119 520 2162 V.
537 2119 565 2161 C.
582 2120 610 2162 D.
627 2120 713 2162 Boudet
728 2117 756 2161 C.
773 2119 799 2160 R.
816 2117 840 2160 S.
853 2119 944 2161 Antonii
960 2121 983 2160 ln

227 2170 310 2214 Gallia.
335 2170 394 2215 Cum
410 2132 512 2215 Deultate
526 2175 660 2226 superioris.
681 2173 794 2225 Augustae
805 2172 982 2215 Vindelicorum.

227 2223 359 2278 Sumptibus
375 2226 466 2269 iratrum
482 2225 554 2279 Veith‚
571 2226 757 2279 Bibliopolarum.
774 2225 833 2268 1761.
859 2227 892 2268 4⁰.
924 2225 949 2267 12
962 2234 983 2267 et

229 2279 265 2318 184
279 2288 300 2321 et
317 2279 340 2321 17
355 2292 394 2333 pp.
411 2278 504 2332 [Becker
516 2280 579 2333 3172,
594 2281 678 2323 Fromm
692 2278 749 2332 513.]

266 2341 286 2391 e)
301 2342 422 2383 Becker:
440 2341 544 2385 L’auteur
563 2343 590 2384 de
607 2341 735 2384 l'lmitation
756 2351 777 2384 et
795 2341 828 2383 les
849 2341 982 2385 documents

227 2393 372 2437 Neerlandals
391 2408 432 2448 par
446 2395 520 2442 Victor
540 2396 637 2449 Becker,
653 2394 677 2437 S.
686 2395 711 2489 ἑ.
743 2395 772 2436 La
788 2395 852 2448 Haye
869 2395 982 2437 Martinus

227 2447 324 2502 Niiholl,
344 2449 531 2491 libralre·editeur
551 2449 668 2491 Bruxelles
704 2449 744 2501 .J.
761 2448 862 2500 Ollvler,
883 2449 982 2491 iibraire·

226 2502 312 2543 editeur
328 2501 427 2544 Londres
443 2503 471 2544 D.
488 2503 555 2555 Nutt,
575 2502 836 2545 librales-editeur1882.
861 2503 893 2545 8⁰.
920 2502 948 2544 lV
962 2511 983 2544 et

224 2555 383 2660 fflfpffiecker
401 2610 442 2651 Les
456 2610 516 2653 darn.
532 2613 590 2652 trev.
605 2627 631 2643 2-
648 2609 690 2651 Les
711 2609 813 2651 derniers
833 2617 927 2650 travaux
942 2621 984 2650 sur

225 2661 320 2704 l’auteur
341 2663 368 2705 de
390 2663 519 2705 l¹lmitation
542 2675 582 2716 par
596 2662 671 2704 Victor
686 2662 783 2714 Becker,
803 2661 827 2703 S.
839 2662 863 2714 J.
898 2661 982 2704 Extrait

225 2715 264 2757 des
273 2715 345 2758 Precis
353 2718 482 2769 historiques
492 2720 558 2760 1889.
574 2716 691 2758 Bruxelles
703 2715 893 2758 AliredVromant
901 2725 922 2757 et
931 2715 982 2768 Cle,

224 2771 487 2863 ilrgprimeursediteurs
505 2771 531 2824 3,
547 2783 586 2812 rue
603 2770 630 2812 de
650 2770 670 2810 la
690 2769 803 2822 chapelle,
821 2769 836 2810 3
860 2769 921 2811 1889.
950 2770 981 2812 8⁰.

263 2834 295 2929 {lp
302 2877 376 2920 Crnise
390 2895 416 2912 -τ
430 2875 528 2918 Thomas
543 2889 555 2918 a
571 2875 665 2930 Kempis
686 2875 756 2918 Notes
770 2875 796 2917 oi
811 2888 823 2917 a
837 2877 893 2917 visit
908 2877 982 2919 rothe

223 2941 302 2972 soenes
318 2933 340 2972 in
354 2931 426 2972 which
442 2931 478 2972 hls
493 2931 532 2973 lile
546 2943 592 2971 was
607 2939 686 2984 spent,
703 2930 755 2971 with
771 2941 835 2971 some
850 2939 944 2971 account
959 2930 985 2971 oi

222 2985 259 3025 the
274 2987 423 3026 examination
438 2985 464 3026 oi
481 2985 517 3026 hls
537 2985 603 3026 rellcs
623 2986 650 3037 by
667 2983 757 3025 Francis
774 2982 871 3024 Richard
887 2981 981 3034 Cruise,

223 3036 254 3078 Μ.
267 3037 294 3078 D.
307 3037 384 3088 (Univ.
397 3039 490 3089 Dublin)
501 3040 543 3080 late
571 3038 668 3080 resident
679 3037 704 3078 oi
717 3039 753 3079 the
765 3037 818 3089 king
832 3037 875 3077 and
887 3036 982 3089 queen's

222 3090 306 3142 college
320 3091 346 3133 oi
363 3093 494 3148 physlclans
514 3095 536 3134 in
553 3051 653 3144 freland,
673 3091 800 3142 consultlng
820 3091 940 3143 physician
960 3100 982 3133 to

222 3145 259 3186 the
270 3154 339 3188 mater
350 3146 518 3188 misericordiae
529 3146 634 3197 hospital,
652 3144 744 3196 Dublin,
760 3145 860 3185 member
870 3144 897 3184 oi
905 3153 981 3186 senate

222 3197 248 3238 oi
259 3199 296 3241 the
311 3201 436 3253 university
450 3199 476 3240 ol
489 3199 631 3240 Dublinland
649 3198 674 3239 oi
686 3199 724 3240 the
739 3197 800 3250 royal
815 3199 943 3252 university
958 3197 984 3238 of

224 3251 319 3305 lreland‚
330 3255 429 3295 member
439 3253 465 3294 oi
473 3254 509 3294 the
520 3252 581 3305 royal
591 3251 649 3292 lrish
660 3252 773 3305 academy,
784 3259 825 3292 etc.
843 3250 980 3294 illustrated.

264 3409 272 3436 ¹
290 3407 406 3450 Adnexum
426 3417 460 3451 est
479 3407 572 3450 Scutum
593 3406 720 3460 Kempense
740 3405 839 3449 Thomae
856 3421 869 3449 a
885 3407 980 3461 Kempis

223 3473 316 3514 operum
331 3463 431 3504 omnium
446 3463 537 3504 editioni
553 3463 580 3502 ab
595 3461 672 3503 eodem
687 3461 779 3502 librarlo
789 3462 868 3504 eodem
883 3474 943 3503 anno
958 3463 979 3502 in

223 3515 295 3556 lucem
309 3517 416 3557 emissae.

582 3594 622 3634 4³4
