2142 4194
84 609 156 668 tati:
179 618 212 669 et
234 608 377 669 cessavit
398 608 493 668 anxia
510 608 686 668 fluctuatio.
717 609 842 668 Noluit·

85 723 147 782 que
179 707 312 766 curiose
340 705 538 783 investigare
570 714 604 765 ut
632 706 730 766 sciret
759 723 842 782 quae

84 803 144 863 sibi
168 813 284 864 essent
307 804 432 880 iutura3
454 803 513 863 sed
532 803 635 880 magis
651 803 774 863 studuit
795 803 842 862 in·

84 901 233 978 quirere‚
263 918 347 978 quae
376 910 465 962 esset
486 901 638 961 voluntas
661 900 722 961 Dei
744 902 842 961 bene-

83 1000 217 1074 placens
229 1009 262 1060 et
277 999 438 1076 perfecta:
455 998 494 1058 ad
509 1015 607 1058 omne
622 1016 705 1075 opus
720 999 865 1059 bonums

83 1096 306 1158 inchoandum
336 1107 368 1156 et
396 1095 642 1172 perficiendum.
685 1095 787 1172 Spera
808 1096 840 1155 in

84 1195 227 1256 Domino
257 1203 290 1255 et
319 1195 368 1254 fac
397 1193 574 1254 bonitatem
603 1193 647 1254 ait
674 1195 842 1269 propheta,

83 1301 114 1352 et
135 1293 283 1353 inhabita
304 1301 440 1352 terram:
463 1301 495 1352 et
510 1291 655 1368 pasceris
671 1291 704 1351 in
719 1291 841 1351 divitiis

82 1390 164 1451 eius.
201 1391 314 1451 Vnum
337 1400 388 1450 est
408 1391 494 1467 quod
510 1391 631 1451 multos
653 1407 671 1450 a
692 1390 840 1466 proiectu

82 1497 114 1548 et
136 1488 279 1549 ferventi
302 1489 530 1548 emendatione
552 1487 703 1548 retrahit:
725 1490 841 1548 horror
852 1506 877 1548 m

82 1586 287 1647 difficultatis
308 1603 368 1646 seu
390 1587 481 1647 labor
502 1585 700 1646 certaminis.
733 1585 840 1645 Enim-

81 1702 160 1744 vero
176 1684 225 1744 illi
242 1684 383 1744 maxime
397 1700 475 1760 prae
486 1683 606 1744 ceteris
621 1683 654 1743 in
665 1682 840 1743 virtutibus

81 1782 275 1858 proficiunt:
297 1781 353 1858 qui
376 1797 512 1858 eaquae
528 1779 589 1840 sibi
605 1780 709 1857 magis
730 1779 840 1857 gravia

81 1889 113 1940 et
127 1878 293 1940 contraria
302 1887 380 1938 sunt
393 1879 522 1939 virilius
536 1879 670 1939 vincere
682 1878 839 1938 nituntur.

43 2046 48 2051 .
82 1977 165 2038 Nam
195 1977 241 2037 ibi
263 1978 363 2037 homo
384 1977 458 2053 plus
479 1976 624 2052 proiicit,
653 1985 684 2041 et
705 1974 839 2053 gratiam
852 1996 876 2038 15

81 2086 229 2135 meretur
250 2074 458 2150 ampliorem:
480 2074 535 2134 ubi
551 2074 654 2151 magis
675 2090 712 2134 se
731 2052 838 2150 ipsun'r

81 2172 183 2232 vincit
212 2181 246 2232 et
268 2172 301 2232 in
324 2171 440 2248 spiritu
462 2171 644 2233 mortificat.
687 2171 752 2232 Sed
774 2187 839 2230 non

82 2287 199 2330 omnes
222 2271 344 2330 habent
365 2287 469 2347 aeque
484 2271 623 2331 multum
646 2270 685 2330 ad
706 2269 840 2330 vincen-

82 2368 157 2428 dum
170 2377 204 2428 et
215 2368 433 2428 moriendum.
451 2367 600 2444 Diligens
611 2377 719 2428 tamen
731 2385 843 2454 aemu-¹

80 2465 695 2541 latorvalentioreritadproficiendum
705 2465 801 2525 etiam
811 2464 876 2525 sizo

80 2565 194 2639 plures
209 2563 328 2624 habeat
341 2563 529 2639 passiones:
545 2581 641 2641 quam
657 2563 741 2623 alius
755 2564 839 2623 bene

81 2661 310 2738 morigeratus,
324 2661 434 2722 minus
448 2671 558 2722 tamen
574 2662 707 2722 fervens
726 2662 765 2721 ad
776 2661 839 2721 vir·

80 2769 176 2820 tutes.
209 2759 284 2818 Duo
302 2759 488 2834 specialiter
502 2761 542 2820 ad
557 2776 706 2836 magnam
729 2775 839 2818 emen-

80 2858 246 2918 dationem
269 2856 398 2933 iuvant3
419 2857 572 2917 videlicet
588 2857 780 2918 subtrahere
802 2875 838 2917 se

80 2954 875 3030 violenteradquodnaturavitioseinclinaturus

81 3062 112 3112 et
126 3053 298 3112 ferventer
310 3052 434 3112 instare
448 3070 507 3128 pro
522 3053 608 3112 bono
623 3070 688 3129 quo
699 3053 839 3129 amplius

80 3151 154 3226 quis
183 3149 318 3226 indiget.
362 3150 419 3210 Illa
448 3150 545 3210 etiam
574 3150 707 3210 studeas
735 3151 838 3228 magis

80 3264 198 3308 cavere
221 3255 254 3306 et
275 3247 425 3307 vincere:
447 3264 531 3324 quae
552 3247 609 3307 tibi
633 3248 838 3324 frequentius

81 3345 113 3404 in
143 3345 220 3405 aliis
256 3344 439 3421 displicent.
490 3344 619 3421 Vbique
654 3346 837 3421 proiectum

82 3452 170 3503 tuum
195 3443 322 3519 capias:
345 3452 379 3502 ut
401 3442 428 3502 si
450 3443 536 3502 bona
556 3444 704 3519 exempla
725 3443 874 3510 videas30

83 3542 132 3602 vel
154 3542 280 3616 auditae,
302 3542 341 3602 ad
356 3541 554 3602 'imitandum
570 3544 769 3604 accendaris.
803 3542 837 3603 Si

303 3657 304 3664 κ
352 3643 354 3649 ·
446 3647 473 3688 ss
