2142 4194
96 457 373 510 mmm
441 459 505 500 156
570 460 852 513 &ww

98 601 200 651 manet
232 591 265 652 in
298 601 477 654 aeternum.
527 593 606 654 Sine
636 611 849 670 personarum

98 690 301 765 acceptione,
330 690 430 750 variis
458 690 565 752 modis
591 692 735 768 loquitur
756 692 851 752 nobis

99 787 193 847 Deus
216 786 402 848 Curiositas
413 797 525 847 nostra
535 805 633 865 saepe
643 806 705 848 nos
716 788 852 864 impedit

98 883 127 943 in
148 884 290 945 lectione
315 885 566 961 scripturarum:
595 903 668 946 cum
698 887 851 946 volumus

98 981 286 1058 intellegere
315 993 347 1044 et
376 983 540 1044 discutere
571 983 625 1043 ubi
658 982 873 1059 simpliciters

98 1091 180 1142 esset
217 1080 464 1142 transeundum.
516 1081 549 1142 Si
581 1081 633 1141 vis
667 1082 850 1158 profectum

98 1179 243 1255 haurire3
275 1180 346 1256 lege
378 1179 564 1256 humiliter,
596 1179 789 1256 simpliciter
819 1189 852 1241 et

12 1281 14 1306 *
99 1275 247 1337 fideliter:
263 1294 325 1337 nec
336 1294 489 1353 umquam
501 1277 585 1350 velis
600 1278 851 1338 haberenomen

98 1374 262 1435 scientiae.
275 1375 602 1452 interrogalibenter3
613 1384 645 1434 et
655 1375 729 1435 audi
739 1386 852 1437 tacens

98 1473 193 1532 verba
201 1482 407 1532 sanctorum:
418 1489 479 1533 nec
490 1472 683 1550 displiceant
694 1474 749 1535 tibi
762 1491 851 1550 para·
863 1493 887 1533 10

97 1569 186 1629 bolae
202 1570 384 1646 seniorum,
398 1570 470 1631 sine
486 1589 585 1632 causa
599 1571 686 1632 enim
703 1589 768 1632 non
780 1588 851 1647 pro-

99 1665 255 1728 feruntur.

12 1895 14 1904 =
99 1865 152 1924 DE
176 1862 468 1926 INORDINATIS
490 1862 851 1926 AFFECTIONIBVS.

342 2017 547 2067 CAPITVLVM
565 2019 610 2068 Vl.

98 2091 477 2324 &minimumque
488 2157 586 2215 homo
600 2154 722 2232 aliquid
732 2155 852 2216 inordi-
865 2169 889 2210 15

239 2260 314 2311 nate
325 2251 459 2328 appetit:
475 2253 582 2313 statim
594 2253 627 2313 in
639 2271 675 2313 se
686 2253 852 2330 inquietus

99 2348 140 2408 fit.
174 2349 345 2425 Superbus
367 2359 400 2410 et
421 2367 539 2410 avarus
560 2367 737 2426 numquam
763 2353 852 2428 quie·

98 2455 207 2507 scunt:
229 2457 399 2522 pauperet
414 2446 549 2507 humilis
564 2446 680 2522 spiritu
697 2448 730 2508 in
747 2451 854 2510 multi·

98 2544 209 2604 tudine
241 2544 332 2619 pacis
362 2555 608 2606 conversantur.
658 2547 766 2606 Homo
798 2548 852 2623 qui

12 2639 13 2642 ’
98 2642 238 2701 necdum
261 2642 407 2718 perfecte
428 2642 462 2702 in
485 2661 521 2703 se
536 2654 685 2704 mortuus
707 2655 767 2721 est,
789 2646 889 2706 citozu

99 2747 290 2815 temptatur:
319 2749 351 2799 et
372 2739 515 2799 vincitur
541 2741 574 2800 in
597 2742 706 2817 parvis
730 2752 762 2802 et
783 2741 854 2801 vili-

99 2836 157 2896 bus
174 2838 284 2896 rebus.
310 2838 462 2898 lniirmus
477 2838 510 2898 in
523 2838 638 2914 spiritu
654 2850 686 2900 et
701 2841 854 2917 quodam·

100 2937 193 2995 modo
216 2935 323 2994 adhuc
346 2935 484 2996 carnalis
507 2945 539 2995 et
560 2937 599 2996 ad
617 2936 786 2997 sensibilia
807 2937 854 2998 in-

100 3033 254 3093 clinatus:
284 3032 460 3094 difficulter
488 3051 524 3094 se
546 3043 653 3110 potest
674 3052 692 3094 a
714 3035 853 3096 terrenis

100 3129 273 3191 desideriis
300 3147 340 3191 ex
368 3141 436 3193 toto
465 3132 663 3193 abstrahere.
713 3133 751 3193 Et
779 3133 890 3195 ideozs

12 3231 14 3246 '
100 3244 196 3303 saepe
219 3228 317 3288 habet
338 3228 502 3290 tristitiam
525 3247 598 3289 cum
621 3247 658 3290 se
678 3232 853 3292 subtrahit:

100 3324 215 3385 leviter
229 3324 327 3385 etiam
343 3325 530 3402 indignatur
544 3328 571 3387 si
588 3328 661 3405 quis
675 3329 704 3389 ei
721 3330 852 3391 resistit.

102 3419 133 3480 Si
163 3431 272 3482 autem
304 3433 500 3498 prosecutus
532 3424 630 3485 fuerit
660 3429 747 3502 quod
779 3445 854 3488 con-

12 3533 13 3538 *
102 3519 254 3595 cupiscit;
291 3519 400 3580 statim
436 3538 477 3581 ex
511 3532 602 3583 reatu
633 3525 854 3585 conscientiae

467 3626 491 3666 13
