2146 4194
76 467 344 520 mmm
405 467 436 509 1¹¹
454 467 479 509 18
539 465 821 520 &mim

77 601 204 662 sentitur
224 617 381 677 praesens
408 600 490 660 vita:
522 600 605 660 iacta
634 611 684 661 est
711 609 820 660 tamen

78 701 135 760 iam
161 716 215 776 per
242 698 376 776 gratiam
406 708 494 759 tuam
523 698 618 758 valde
646 697 822 772 meritoria,

78 808 165 874 atque
185 797 332 872 exemplo
355 806 411 857 tuo
433 808 465 858 et
482 806 669 857 sanctorum
691 806 820 855 tuorum

78 894 212 970 vestigiis
233 893 373 954 infirmis
401 893 602 954 tolerabilior
630 902 662 953 et
691 893 821 968 clarior;

77 991 129 1051 sed
155 1000 185 1051 et
213 990 314 1051 multo
346 991 449 1068 magis
480 990 696 1051 consolatoria
724 1007 844 1067 quams

76 1088 145 1148 olim
174 1088 205 1147 in
237 1088 308 1166 lege
336 1087 441 1148 veteri
474 1088 594 1148 fuerat:
626 1105 699 1148 cum
731 1098 823 1164 porta

76 1185 149 1245 caeli
164 1185 273 1245 clausa
287 1185 487 1261 persisteret,
503 1195 535 1245 et
545 1185 715 1246 obscurior
725 1185 821 1246 etiam

74 1284 121 1343 via
149 1284 187 1343 ad
218 1283 343 1344 caelum
376 1283 562 1359 videbatur3
597 1284 726 1360 quando
757 1293 821 1344 tam

73 1382 159 1458 pauci
189 1398 325 1459 regnum
355 1382 520 1442 caelorum
549 1399 708 1458 quaerere
732 1398 822 1442 cura·

73 1479 158 1539 bant:
186 1480 245 1539 sed
268 1495 375 1556 neque
398 1478 453 1556 qui
476 1488 553 1539 tunc
578 1479 654 1539 iusti
677 1489 770 1539 erant
791 1487 822 1538 et
834 1496 858 1538 to

72 1575 211 1636 salvandi
234 1585 308 1635 ante
330 1575 518 1652 passionem
541 1586 628 1637 tuam
657 1587 689 1637 et
710 1593 822 1637 sacrae

71 1674 179 1733 mortis
201 1673 346 1733 debitum
362 1673 504 1734 caeleste
519 1690 655 1751 regnum
674 1685 823 1750 poterant

70 1771 210 1833 introire.
254 1770 283 1832 Ο
313 1781 451 1849 quantas
479 1771 536 1831 tibi
560 1771 680 1848 gratias
709 1783 823 1833 teneor

70 1871 207 1931 referre:
245 1870 331 1946 quod
367 1869 452 1929 viam
489 1880 610 1930 rectam
643 1879 674 1929 et
704 1870 821 1930 bonam

69 1965 215 2043 dignatus
238 1983 275 2026 es
297 1965 376 2027 mihi
406 1977 438 2027 et
460 1967 587 2027 cunctis
611 1966 762 2027 fidelibus
784 1968 859 2028 adis
933 2014 937 2019 .
965 1942 968 1950 ¹

69 2074 235 2124 aeternum
259 2080 395 2141 regnum
410 2072 502 2124 tuum
518 2065 702 2125 ostendere.
739 2065 821 2125 Nam

69 2160 130 2220 vita
144 2171 200 2222 tua
215 2161 269 2221 via
283 2172 409 2222 nostra:
425 2171 457 2222 et
468 2180 526 2239 per
541 2173 684 2223 sanctam
701 2164 823 2239 patien-

68 2257 140 2319 tiam
172 2260 378 2320 ambulamus
409 2260 449 2319 ad
481 2270 512 2320 te
544 2260 599 2337 qui
635 2277 672 2320 es
703 2278 823 2321 corona

68 2366 185 2416 nostra.
230 2357 301 2416 Nisi
324 2367 358 2417 tu
381 2375 442 2418 nos
464 2358 705 2435 praecessisses
721 2369 753 2419 et
767 2360 822 2419 do·

69 2453 211 2530 cuisses;
233 2455 307 2532 quis
322 2455 416 2533 sequi
437 2456 592 2516 curaret?
621 2457 695 2516 Heu
711 2457 858 2532 quantiao

68 2547 160 2627 longe
183 2563 337 2630 retroque
359 2564 547 2615 manerent:
569 2554 632 2614 nisi
655 2565 711 2615 tua
732 2573 822 2632 prae-

69 2645 151 2707 clara
172 2651 323 2727 exempla
351 2651 560 2728 inspicerent.
604 2652 688 2712 Ecce
717 2653 821 2714 adhuc

68 2745 266 2818 tepescimus
288 2747 407 2808 auditis
428 2757 473 2808 tot
496 2749 599 2825 signis
614 2750 679 2810 tuis
701 2759 733 2810 et
748 2751 822 2810 doc-

68 2839 176 2919 trinis3
205 2845 283 2920 quid
312 2844 405 2906 fieret
433 2846 460 2906 si
489 2856 614 2906 tantum
643 2846 753 2907 lumen
783 2848 822 2907 ad

68 2943 270 3013 sequendum
293 2952 324 3003 te
346 2960 411 3003 non
434 2945 659 3006 haberemus?
829 2968 857 3008 25

416 3206 470 3261 82

102 3619 197 3668 rhomae
207 3640 220 3669 a
231 3629 257 3672 Κ.
268 3629 352 3684 Opera.
368 3629 397 3672 11.
426 3629 463 3672 177
