2138 4196
223 485 344 538 mm
415 487 454 530 ou
469 487 648 531 mmmromz
663 488 788 532 cumsn
857 489 981 542 &stlte

223 620 379 680 transire:
408 631 440 681 et
461 621 502 680 ob
524 622 685 682 cotidiana
712 623 878 684 obstacula
901 641 940 684 se
963 642 982 684 a

223 719 569 798 divinissequestrare.
587 722 688 783 lmmo
697 721 872 799 plurimum
882 731 982 782 nocet

223 817 278 877 diu
292 818 557 879 communionem
573 821 750 896 protelare:
772 837 846 879 nam
862 830 894 880 et
908 837 981 896 gra·

223 932 297 975 vem
319 925 483 992 torporem
507 917 678 977 consuevit
706 917 870 977 inducere.
914 917 981 977 Pro

200 1013 316 1073 suolor
345 1013 476 1090 quidam
507 1015 606 1091 tepidi
631 1024 663 1074 et
689 1013 838 1074 dissoluti
869 1031 981 1074 moras

223 1111 398 1172 conlitendi
435 1112 575 1172 libenter
608 1112 789 1189 accipiunt3
825 1122 857 1172 et
891 1129 982 1172 com·

223 1208 413 1269 munionem
425 1227 550 1270 sacrum
562 1210 683 1270 idcirco
694 1209 818 1270 differri
830 1210 981 1285 cupiunt:

223 1323 264 1365 ne
295 1306 334 1366 ad
366 1307 522 1367 maiorem
552 1308 602 1368 sui
632 1308 811 1369 custodiam
839 1324 875 1367 se
901 1307 982 1367 dare
1058 1305 1059 1340 ³

223 1412 403 1464 teneantur.
434 1405 508 1465 Heu
524 1422 620 1481 quam
636 1405 796 1466 modicam
813 1406 981 1466 caritatem

189 1519 214 1560 ro
223 1511 255 1561 et
266 1501 406 1562 debilem
417 1502 624 1563 devotionem
635 1503 771 1564 habent:
787 1503 841 1579 qui
853 1520 981 1562 sacram

224 1600 488 1660 communionem
513 1611 577 1660 tum
608 1601 747 1661 faciliter
770 1609 981 1677 postponunt.

224 1698 331 1774 Quam
348 1698 426 1758 felix
448 1699 503 1759 ille
519 1709 551 1758 et
566 1699 637 1758 Deo
653 1708 806 1774 acceptus
826 1699 982 1759 habetur:

223 1795 277 1871 qui
289 1795 337 1855 sic
348 1795 428 1856 vivit
439 1805 470 1856 et
481 1795 514 1854 in
525 1796 579 1856 tali
591 1796 731 1873 puritate
744 1796 979 1857 conscientiam

223 1909 314 1951 suam
324 1892 480 1968 custodit3
492 1903 525 1953 ut
534 1893 630 1952 etium
640 1893 728 1953 omni
738 1893 790 1953 die
799 1894 982 1956 commuui-

189 2011 214 2050 15
223 2006 297 2050 cure
310 2001 441 2066 paratus
456 2001 488 2050 et
502 1991 587 2050 bene
602 1991 772 2052 affectatus
783 2001 888 2051 esset:
903 1991 931 2051 si
949 1992 980 2051 ei

223 2087 346 2162 liceret,
366 2097 397 2148 et
412 2088 485 2147 sine
500 2098 575 2148 nota
591 2105 686 2164 agere
704 2099 824 2164 posset.
855 2088 888 2148 Si
905 2089 981 2165 quis

223 2184 385 2244 interdum
401 2186 541 2246 abstinet
552 2187 744 2247 humilitatis
753 2187 855 2264 gratia
865 2195 920 2246 aut
935 2189 982 2248 le·

222 2281 542 2359 gitimaimpediente
555 2300 668 2344 causa:
683 2285 863 2345 laudandus
878 2295 929 2346 est
939 2287 982 2346 de

140 2387 141 2390 ’
223 2379 415 2440 reverentia.
439 2380 472 2440 Si
484 2390 591 2441 autem
607 2392 718 2459 torpor
733 2382 932 2459 obrepserit;
943 2401 982 2443 se

186 2477 981 2556 20ipsumexcitaredebetetfacerequodinseest:

223 2585 255 2636 et
271 2575 433 2635 Dominus
448 2575 552 2636 aderit
567 2576 730 2637 desiderio
745 2595 805 2638 suo
821 2597 879 2655 pro
895 2580 982 2639 bona

223 2675 388 2734 voluntate
406 2690 502 2750 quam
518 2675 705 2750 specialiter
719 2676 861 2752 respicit.
892 2676 980 2738 Cum

223 2786 300 2830 vero
312 2770 455 2846 legitime
466 2772 674 2848 praepeditus
685 2783 744 2849 est,
755 2775 886 2835 habebit
895 2793 981 2835 sem-

222 2868 613 2944 perbonamvoluntatem
625 2871 752 2947 etpiam
763 2871 979 2934 intentionem
1058 2927 1059 2952 1

186 2965 501 3026 escommunicandi:
523 2977 555 3028 et
577 2969 624 3028 sic
646 2987 712 3028 non
727 2969 849 3030 carebit
871 2969 979 3030 fructu

222 3064 426 3124 sacramenti.
457 3065 569 3126 Potest
584 3066 671 3126 enim
687 3067 823 3143 quilibet
840 3066 980 3126 devotus

222 3161 310 3221 omni
338 3161 390 3221 die
421 3172 453 3222 et
483 3163 571 3222 omni
599 3165 679 3224 hora
708 3164 747 3224 ad
776 3164 978 3241 spiritualem
1058 3197 1059 3254 ;

223 3257 347 3319 Christi
371 3259 635 3321 communionem
657 3262 830 3323 sulubriter
852 3272 885 3322 et
906 3263 979 3323 sine
1058 3265 1059 3270 ’

222 3355 440 3432 prohibitione
471 3358 647 3419 accedere:
678 3369 710 3420 et
740 3369 848 3420 tamen
880 3362 979 3422 certis

185 3453 337 3515 sodiebus
373 3464 405 3514 et
439 3465 557 3516 statuto
588 3466 736 3532 tempore
770 3474 891 3534 corpus
927 3459 978 3519 sui

223 3551 450 3627 Redemptoris
479 3570 552 3612 cum
584 3553 763 3615 affectuosa
793 3557 979 3620 reverentia

581 3657 618 3700 118
