<?xml version="1.0" encoding="UTF-8"?>
<!DOCTYPE html PUBLIC "-//W3C//DTD XHTML 1.0 Transitional//EN"
    "http://www.w3.org/TR/xhtml1/DTD/xhtml1-transitional.dtd">
<html xmlns="http://www.w3.org/1999/xhtml" xml:lang="en" lang="en">
 <head>
  <title>
</title>
<meta http-equiv="Content-Type" content="text/html;charset=utf-8" />
  <meta name='ocr-system' content='tesseract 3.04.00' />
  <meta name='ocr-capabilities' content='ocr_page ocr_carea ocr_par ocr_line ocrx_word'/>
</head>
<body>
  <div class='ocr_page' id='page_1' title='image "./thomaehemerkena03pohlgoog_0413.png"; bbox 0 0 2178 4186; ppageno 0'>
   <div class='ocr_carea' id='block_1_1' title="bbox 238 385 998 442">
    <p class='ocr_par' dir='ltr' id='par_1_1' title="bbox 238 385 998 442">
     <span class='ocr_line' id='line_1_1' title="bbox 238 385 998 442; baseline 0.013 -17"><span class='ocrx_word' id='word_1_1' title='bbox 238 386 399 440; x_wconf 55' lang='lat' dir='ltr'><strong>ffiwss</strong></span> <span class='ocrx_word' id='word_1_2' title='bbox 432 386 471 429; x_wconf 82' lang='lat' dir='ltr'><strong>DE</strong></span> <span class='ocrx_word' id='word_1_3' title='bbox 487 385 674 430; x_wconf 80' lang='lat' dir='ltr'>ELEVATIONE</span> <span class='ocrx_word' id='word_1_4' title='bbox 689 386 801 432; x_wconf 79' lang='lat' dir='ltr'>MENTIS</span> <span class='ocrx_word' id='word_1_5' title='bbox 834 387 998 442; x_wconf 54' lang='grc' dir='ltr'><strong>ἴῶᾷῼῖὣῦ</strong></span> 
     </span>
    </p>
   </div>
   <div class='ocr_carea' id='block_1_2' title="bbox 200 520 1063 3521">
    <p class='ocr_par' dir='ltr' id='par_1_2' title="bbox 200 520 1063 3521">
     <span class='ocr_line' id='line_1_2' title="bbox 239 520 999 598; baseline 0.004 -18"><span class='ocrx_word' id='word_1_6' title='bbox 239 520 404 581; x_wconf 90' lang='lat' dir='ltr'><strong>videbunt.</strong></span> <span class='ocrx_word' id='word_1_7' title='bbox 435 520 510 582; x_wconf 79' lang='lat' dir='ltr'><strong>Alta</strong></span> <span class='ocrx_word' id='word_1_8' title='bbox 531 531 563 581; x_wconf 91' lang='lat' dir='ltr'><strong>et</strong></span> <span class='ocrx_word' id='word_1_9' title='bbox 585 537 700 598; x_wconf 83' lang='lat' dir='ltr'><strong>magna</strong></span> <span class='ocrx_word' id='word_1_10' title='bbox 721 521 914 597; x_wconf 88' lang='lat' dir='ltr'>promissio:</span> <span class='ocrx_word' id='word_1_11' title='bbox 936 521 999 582; x_wconf 87' lang='lat' dir='ltr'><strong>sed</strong></span> 
     </span>
     <span class='ocr_line' id='line_1_3' title="bbox 238 619 996 696; baseline 0 -18"><span class='ocrx_word' id='word_1_12' title='bbox 238 619 329 695; x_wconf 91' lang='lat' dir='ltr'><strong>puris</strong></span> <span class='ocrx_word' id='word_1_13' title='bbox 360 637 397 679; x_wconf 89' lang='lat' dir='ltr'><strong>ac</strong></span> <span class='ocrx_word' id='word_1_14' title='bbox 428 619 620 679; x_wconf 89' lang='lat' dir='ltr'><strong>illuminatis</strong></span> <span class='ocrx_word' id='word_1_15' title='bbox 649 619 812 680; x_wconf 88' lang='lat' dir='ltr'><strong>mentibus</strong></span> <span class='ocrx_word' id='word_1_16' title='bbox 841 636 996 696; x_wconf 84' lang='lat' dir='ltr'><strong>congrua.</strong></span> 
     </span>
     <span class='ocr_line' id='line_1_4' title="bbox 239 709 997 794; baseline 0.001 -18"><span class='ocrx_word' id='word_1_17' title='bbox 239 709 333 793; x_wconf 88' lang='lat' dir='ltr'><strong>Quae</strong></span> <span class='ocrx_word' id='word_1_18' title='bbox 354 717 430 777; x_wconf 94' lang='lat' dir='ltr'><strong>dum</strong></span> <span class='ocrx_word' id='word_1_19' title='bbox 453 726 583 778; x_wconf 91' lang='lat' dir='ltr'><strong>terrena</strong></span> <span class='ocrx_word' id='word_1_20' title='bbox 604 727 721 778; x_wconf 89' lang='lat' dir='ltr'><strong>cuncta</strong></span> <span class='ocrx_word' id='word_1_21' title='bbox 742 717 941 794; x_wconf 81' lang='lat' dir='ltr'><strong>relinquunt,</strong></span> <span class='ocrx_word' id='word_1_22' title='bbox 963 727 997 777; x_wconf 93' lang='lat' dir='ltr'><strong>et</strong></span> 
     </span>
     <span class='ocr_line' id='line_1_5' title="bbox 238 815 995 891; baseline -0.001 -16"><span class='ocrx_word' id='word_1_23' title='bbox 238 832 395 891; x_wconf 91' lang='lat' dir='ltr'><strong>corporea</strong></span> <span class='ocrx_word' id='word_1_24' title='bbox 426 815 581 876; x_wconf 88' lang='lat' dir='ltr'><strong>universa</strong></span> <span class='ocrx_word' id='word_1_25' title='bbox 616 815 868 876; x_wconf 87' lang='lat' dir='ltr'><strong>transcendunt:</strong></span> <span class='ocrx_word' id='word_1_26' title='bbox 904 824 995 875; x_wconf 89' lang='lat' dir='ltr'><strong>recto</strong></span> 
     </span>
     <span class='ocr_line' id='line_1_6' title="bbox 215 912 994 974; baseline 0.003 -4"><span class='ocrx_word' id='word_1_27' title='bbox 215 912 358 973; x_wconf 83' lang='lat' dir='ltr'><strong>siudicio</strong></span> <span class='ocrx_word' id='word_1_28' title='bbox 380 922 531 974; x_wconf 84' lang='lat' dir='ltr'>aeternae</span> <span class='ocrx_word' id='word_1_29' title='bbox 552 913 698 974; x_wconf 88' lang='lat' dir='ltr'><strong>veritatis</strong></span> <span class='ocrx_word' id='word_1_30' title='bbox 720 914 827 973; x_wconf 91' lang='lat' dir='ltr'><strong>lucem</strong></span> <span class='ocrx_word' id='word_1_31' title='bbox 850 922 994 972; x_wconf 93' lang='lat' dir='ltr'><strong>contem·</strong></span> 
     </span>
     <span class='ocr_line' id='line_1_7' title="bbox 238 1009 994 1087; baseline -0.001 -19"><span class='ocrx_word' id='word_1_32' title='bbox 238 1009 317 1084; x_wconf 89' lang='lat' dir='ltr'><strong>plari</strong></span> <span class='ocrx_word' id='word_1_33' title='bbox 353 1020 529 1072; x_wconf 87' lang='lat' dir='ltr'><strong>merentur.</strong></span> <span class='ocrx_word' id='word_1_34' title='bbox 582 1010 620 1071; x_wconf 90' lang='lat' dir='ltr'><strong>Et</strong></span> <span class='ocrx_word' id='word_1_35' title='bbox 655 1019 775 1087; x_wconf 89' lang='lat' dir='ltr'><strong>quanto</strong></span> <span class='ocrx_word' id='word_1_36' title='bbox 811 1009 940 1085; x_wconf 84' lang='lat' dir='ltr'><strong>longius</strong></span> <span class='ocrx_word' id='word_1_37' title='bbox 974 1026 994 1067; x_wconf 88' lang='lat' dir='ltr'><strong>a</strong></span> 
     </span>
     <span class='ocr_line' id='line_1_8' title="bbox 238 1106 993 1169; baseline -0.001 -3"><span class='ocrx_word' id='word_1_38' title='bbox 238 1117 345 1167; x_wconf 91' lang='lat' dir='ltr'><strong>creata</strong></span> <span class='ocrx_word' id='word_1_39' title='bbox 366 1107 439 1168; x_wconf 91' lang='lat' dir='ltr'><strong>luce</strong></span> <span class='ocrx_word' id='word_1_40' title='bbox 462 1117 494 1169; x_wconf 87' lang='lat' dir='ltr'><strong>et</strong></span> <span class='ocrx_word' id='word_1_41' title='bbox 511 1108 713 1168; x_wconf 86' lang='lat' dir='ltr'><strong>conditarum</strong></span> <span class='ocrx_word' id='word_1_42' title='bbox 736 1124 845 1168; x_wconf 90' lang='lat' dir='ltr'><strong>rerum</strong></span> <span class='ocrx_word' id='word_1_43' title='bbox 867 1106 993 1167; x_wconf 89' lang='lat' dir='ltr'><strong>ratione</strong></span> 
     </span>
     <span class='ocr_line' id='line_1_9' title="bbox 238 1203 992 1281; baseline -0.003 -17"><span class='ocrx_word' id='word_1_44' title='bbox 238 1205 411 1266; x_wconf 91' lang='lat' dir='ltr'><strong>recedunt:</strong></span> <span class='ocrx_word' id='word_1_45' title='bbox 439 1215 527 1266; x_wconf 89' lang='lat' dir='ltr'><strong>tanto</strong></span> <span class='ocrx_word' id='word_1_46' title='bbox 557 1204 757 1266; x_wconf 90' lang='lat' dir='ltr'><strong>eminentius</strong></span> <span class='ocrx_word' id='word_1_47' title='bbox 779 1222 880 1281; x_wconf 85' lang='lat' dir='ltr'><strong>supra</strong></span> <span class='ocrx_word' id='word_1_48' title='bbox 900 1220 937 1264; x_wconf 92' lang='lat' dir='ltr'><strong>se</strong></span> <span class='ocrx_word' id='word_1_49' title='bbox 958 1203 992 1263; x_wconf 93' lang='lat' dir='ltr'><strong>in</strong></span> 
     </span>
     <span class='ocr_line' id='line_1_10' title="bbox 238 1301 991 1378; baseline 0 -16"><span class='ocrx_word' id='word_1_50' title='bbox 238 1301 368 1363; x_wconf 87' lang='lat' dir='ltr'><strong>divinae</strong></span> <span class='ocrx_word' id='word_1_51' title='bbox 390 1303 545 1364; x_wconf 82' lang='lat' dir='ltr'><strong>claritatis</strong></span> <span class='ocrx_word' id='word_1_52' title='bbox 566 1313 730 1363; x_wconf 91' lang='lat' dir='ltr'><strong>secretum</strong></span> <span class='ocrx_word' id='word_1_53' title='bbox 750 1302 929 1378; x_wconf 89' lang='lat' dir='ltr'><strong>rapiuntur.</strong></span> <span class='ocrx_word' id='word_1_54' title='bbox 961 1301 991 1362; x_wconf 94' lang='lat' dir='ltr'>O</span> 
     </span>
     <span class='ocr_line' id='line_1_11' title="bbox 203 1395 1063 1476; baseline -0.003 -15"><span class='ocrx_word' id='word_1_55' title='bbox 203 1419 228 1461; x_wconf 85' lang='lat' dir='ltr'><strong>ro</strong></span> <span class='ocrx_word' id='word_1_56' title='bbox 239 1399 345 1475; x_wconf 90' lang='lat' dir='ltr'><strong>qualis</strong></span> <span class='ocrx_word' id='word_1_57' title='bbox 366 1399 468 1476; x_wconf 86' lang='lat' dir='ltr'><strong>visus,</strong></span> <span class='ocrx_word' id='word_1_58' title='bbox 490 1417 586 1476; x_wconf 89' lang='lat' dir='ltr'><strong>quam</strong></span> <span class='ocrx_word' id='word_1_59' title='bbox 602 1415 704 1476; x_wconf 90' lang='lat' dir='ltr'><strong>purus</strong></span> <span class='ocrx_word' id='word_1_60' title='bbox 726 1398 873 1475; x_wconf 73' lang='lat' dir='ltr'><strong>intuitae,</strong></span> <span class='ocrx_word' id='word_1_61' title='bbox 894 1416 991 1476; x_wconf 89' lang='lat' dir='ltr'><strong>quam</strong></span> <span class='ocrx_word' id='word_1_62' title='bbox 1062 1395 1063 1404; x_wconf 75' lang='grc'>’</span> 
     </span>
     <span class='ocr_line' id='line_1_12' title="bbox 237 1495 1063 1574; baseline 0.002 -18"><span class='ocrx_word' id='word_1_63' title='bbox 237 1496 352 1556; x_wconf 89' lang='lat' dir='ltr'><strong>beatus</strong></span> <span class='ocrx_word' id='word_1_64' title='bbox 374 1496 429 1557; x_wconf 90' lang='lat' dir='ltr'><strong>ille</strong></span> <span class='ocrx_word' id='word_1_65' title='bbox 452 1498 584 1558; x_wconf 92' lang='lat' dir='ltr'><strong>oculus:</strong></span> <span class='ocrx_word' id='word_1_66' title='bbox 613 1513 677 1573; x_wconf 91' lang='lat' dir='ltr'><strong>quo</strong></span> <span class='ocrx_word' id='word_1_67' title='bbox 699 1495 771 1557; x_wconf 89' lang='lat' dir='ltr'><strong>sine</strong></span> <span class='ocrx_word' id='word_1_68' title='bbox 795 1496 992 1574; x_wconf 85' lang='lat' dir='ltr'><strong>imaginibus</strong></span> <span class='ocrx_word' id='word_1_69' title='bbox 1062 1525 1063 1558; x_wconf 78' lang='lat' dir='ltr'><strong>l</strong></span> 
     </span>
     <span class='ocr_line' id='line_1_13' title="bbox 237 1593 992 1669; baseline 0 -16"><span class='ocrx_word' id='word_1_70' title='bbox 237 1603 464 1669; x_wconf 89' lang='lat' dir='ltr'><strong>etcorporum</strong></span> <span class='ocrx_word' id='word_1_71' title='bbox 487 1593 755 1655; x_wconf 89' lang='lat' dir='ltr'><strong>similitudinibus</strong></span> <span class='ocrx_word' id='word_1_72' title='bbox 778 1593 924 1654; x_wconf 91' lang='lat' dir='ltr'><strong>cernitur</strong></span> <span class='ocrx_word' id='word_1_73' title='bbox 937 1610 992 1653; x_wconf 88' lang='lat' dir='ltr'><strong>ve·</strong></span> 
     </span>
     <span class='ocr_line' id='line_1_14' title="bbox 237 1690 991 1768; baseline -0.001 -17"><span class='ocrx_word' id='word_1_74' title='bbox 237 1691 315 1753; x_wconf 89' lang='lat' dir='ltr'><strong>ritas</strong></span> <span class='ocrx_word' id='word_1_75' title='bbox 344 1692 445 1752; x_wconf 89' lang='lat' dir='ltr'><strong>Deus.</strong></span> <span class='ocrx_word' id='word_1_76' title='bbox 495 1691 632 1768; x_wconf 83' lang='lat' dir='ltr'>Oportet</span> <span class='ocrx_word' id='word_1_77' title='bbox 660 1708 717 1751; x_wconf 92' lang='lat' dir='ltr'><strong>cor</strong></span> <span class='ocrx_word' id='word_1_78' title='bbox 744 1706 820 1751; x_wconf 90' lang='lat' dir='ltr'><strong>esse</strong></span> <span class='ocrx_word' id='word_1_79' title='bbox 852 1690 991 1751; x_wconf 93' lang='lat' dir='ltr'><strong>liberum</strong></span> 
     </span>
     <span class='ocr_line' id='line_1_15' title="bbox 238 1787 991 1865; baseline -0.003 -16"><span class='ocrx_word' id='word_1_80' title='bbox 238 1799 269 1850; x_wconf 92' lang='lat' dir='ltr'><strong>et</strong></span> <span class='ocrx_word' id='word_1_81' title='bbox 290 1789 329 1848; x_wconf 98' lang='lat' dir='ltr'><strong>ab</strong></span> <span class='ocrx_word' id='word_1_82' title='bbox 351 1789 440 1848; x_wconf 93' lang='lat' dir='ltr'><strong>omni</strong></span> <span class='ocrx_word' id='word_1_83' title='bbox 469 1788 652 1849; x_wconf 89' lang='lat' dir='ltr'><strong>inordinata</strong></span> <span class='ocrx_word' id='word_1_84' title='bbox 678 1787 852 1849; x_wconf 85' lang='lat' dir='ltr'><strong>allectione</strong></span> <span class='ocrx_word' id='word_1_85' title='bbox 876 1804 991 1865; x_wconf 85' lang='lat' dir='ltr'><strong>purga-</strong></span> 
     </span>
     <span class='ocr_line' id='line_1_16' title="bbox 204 1886 990 1963; baseline 0.006 -22"><span class='ocrx_word' id='word_1_86' title='bbox 204 1896 323 1962; x_wconf 81' lang='lat' dir='ltr'><strong>utum;</strong></span> <span class='ocrx_word' id='word_1_87' title='bbox 351 1895 478 1963; x_wconf 87' lang='lat' dir='ltr'>oportet</span> <span class='ocrx_word' id='word_1_88' title='bbox 499 1894 643 1947; x_wconf 87' lang='lat' dir='ltr'>mentem</span> <span class='ocrx_word' id='word_1_89' title='bbox 665 1902 740 1946; x_wconf 91' lang='lat' dir='ltr'><strong>esse</strong></span> <span class='ocrx_word' id='word_1_90' title='bbox 764 1886 990 1962; x_wconf 88' lang='lat' dir='ltr'><strong>inoccupatam</strong></span> 
     </span>
     <span class='ocr_line' id='line_1_17' title="bbox 237 1983 991 2061; baseline 0.003 -19"><span class='ocrx_word' id='word_1_91' title='bbox 237 1983 276 2043; x_wconf 90' lang='lat' dir='ltr'><strong>ab</strong></span> <span class='ocrx_word' id='word_1_92' title='bbox 298 1983 386 2043; x_wconf 92' lang='lat' dir='ltr'><strong>omni</strong></span> <span class='ocrx_word' id='word_1_93' title='bbox 409 1983 546 2060; x_wconf 90' lang='lat' dir='ltr'><strong>strepitu</strong></span> <span class='ocrx_word' id='word_1_94' title='bbox 569 1993 600 2045; x_wconf 87' lang='lat' dir='ltr'><strong>et</strong></span> <span class='ocrx_word' id='word_1_95' title='bbox 624 1983 855 2061; x_wconf 84' lang='lat' dir='ltr'><strong>imaginatione</strong></span> <span class='ocrx_word' id='word_1_96' title='bbox 877 2001 991 2060; x_wconf 93' lang='lat' dir='ltr'><strong>corpo-</strong></span> 
     </span>
     <span class='ocr_line' id='line_1_18' title="bbox 238 2081 990 2157; baseline 0.001 -16"><span class='ocrx_word' id='word_1_97' title='bbox 238 2098 326 2141; x_wconf 89' lang='lat' dir='ltr'>rum:</span> <span class='ocrx_word' id='word_1_98' title='bbox 357 2081 385 2141; x_wconf 90' lang='lat' dir='ltr'><strong>si</strong></span> <span class='ocrx_word' id='word_1_99' title='bbox 416 2082 531 2142; x_wconf 88' lang='lat' dir='ltr'><strong>debeat</strong></span> <span class='ocrx_word' id='word_1_100' title='bbox 560 2081 681 2157; x_wconf 91' lang='lat' dir='ltr'><strong>aliquid</strong></span> <span class='ocrx_word' id='word_1_101' title='bbox 710 2081 990 2157; x_wconf 88' lang='lat' dir='ltr'><strong>comprehendere</strong></span> 
     </span>
     <span class='ocr_line' id='line_1_19' title="bbox 237 2178 991 2254; baseline 0 -16"><span class='ocrx_word' id='word_1_102' title='bbox 237 2179 278 2238; x_wconf 93' lang='lat' dir='ltr'><strong>de</strong></span> <span class='ocrx_word' id='word_1_103' title='bbox 299 2188 432 2239; x_wconf 90' lang='lat' dir='ltr'><strong>aeterno</strong></span> <span class='ocrx_word' id='word_1_104' title='bbox 461 2178 744 2254; x_wconf 89' lang='lat' dir='ltr'><strong>incircumscripto</strong></span> <span class='ocrx_word' id='word_1_105' title='bbox 772 2179 897 2239; x_wconf 91' lang='lat' dir='ltr'><strong>lumine</strong></span> <span class='ocrx_word' id='word_1_106' title='bbox 919 2179 991 2239; x_wconf 94' lang='lat' dir='ltr'><strong>illu-</strong></span> 
     </span>
     <span class='ocr_line' id='line_1_20' title="bbox 238 2275 991 2336; baseline 0 -2"><span class='ocrx_word' id='word_1_107' title='bbox 238 2275 382 2336; x_wconf 86' lang='lat' dir='ltr'><strong>minante</strong></span> <span class='ocrx_word' id='word_1_108' title='bbox 410 2285 512 2336; x_wconf 90' lang='lat' dir='ltr'><strong>totum</strong></span> <span class='ocrx_word' id='word_1_109' title='bbox 542 2276 709 2336; x_wconf 89' lang='lat' dir='ltr'><strong>mundum.</strong></span> <span class='ocrx_word' id='word_1_110' title='bbox 752 2276 803 2335; x_wconf 89' lang='lat' dir='ltr'><strong>Da</strong></span> <span class='ocrx_word' id='word_1_111' title='bbox 823 2275 903 2335; x_wconf 93' lang='lat' dir='ltr'><strong>mihi</strong></span> <span class='ocrx_word' id='word_1_112' title='bbox 927 2275 991 2334; x_wconf 90' lang='lat' dir='ltr'><strong>Do·</strong></span> 
     </span>
     <span class='ocr_line' id='line_1_21' title="bbox 201 2371 1063 2447; baseline 0 -19"><span class='ocrx_word' id='word_1_113' title='bbox 201 2372 343 2447; x_wconf 73' lang='lat' dir='ltr'><strong>romine,</strong></span> <span class='ocrx_word' id='word_1_114' title='bbox 372 2382 406 2433; x_wconf 92' lang='lat' dir='ltr'><strong>ut</strong></span> <span class='ocrx_word' id='word_1_115' title='bbox 434 2371 468 2432; x_wconf 92' lang='lat' dir='ltr'><strong>in</strong></span> <span class='ocrx_word' id='word_1_116' title='bbox 490 2372 614 2432; x_wconf 93' lang='lat' dir='ltr'><strong>lumine</strong></span> <span class='ocrx_word' id='word_1_117' title='bbox 635 2382 690 2433; x_wconf 94' lang='lat' dir='ltr'><strong>tuo</strong></span> <span class='ocrx_word' id='word_1_118' title='bbox 712 2371 839 2432; x_wconf 89' lang='lat' dir='ltr'><strong>videam</strong></span> <span class='ocrx_word' id='word_1_119' title='bbox 862 2373 992 2447; x_wconf 83' lang='lat' dir='ltr'><strong>lumen3</strong></span> <span class='ocrx_word' id='word_1_120' title='bbox 1062 2421 1063 2428; x_wconf 71' lang='grc'>,</span> 
     </span>
     <span class='ocr_line' id='line_1_22' title="bbox 238 2469 991 2545; baseline 0 -16"><span class='ocrx_word' id='word_1_121' title='bbox 238 2487 303 2530; x_wconf 94' lang='lat' dir='ltr'><strong>non</strong></span> <span class='ocrx_word' id='word_1_122' title='bbox 326 2470 436 2530; x_wconf 91' lang='lat' dir='ltr'><strong>lumen</strong></span> <span class='ocrx_word' id='word_1_123' title='bbox 459 2469 539 2530; x_wconf 88' lang='lat' dir='ltr'><strong>caeli</strong></span> <span class='ocrx_word' id='word_1_124' title='bbox 562 2487 627 2529; x_wconf 92' lang='lat' dir='ltr'><strong>non</strong></span> <span class='ocrx_word' id='word_1_125' title='bbox 650 2470 760 2530; x_wconf 92' lang='lat' dir='ltr'><strong>lumen</strong></span> <span class='ocrx_word' id='word_1_126' title='bbox 781 2479 903 2545; x_wconf 88' lang='lat' dir='ltr'><strong>terrae,</strong></span> <span class='ocrx_word' id='word_1_127' title='bbox 925 2486 991 2530; x_wconf 93' lang='lat' dir='ltr'><strong>non</strong></span> 
     </span>
     <span class='ocr_line' id='line_1_23' title="bbox 237 2566 991 2643; baseline 0 -16"><span class='ocrx_word' id='word_1_128' title='bbox 237 2567 419 2643; x_wconf 89' lang='lat' dir='ltr'><strong>angelicum</strong></span> <span class='ocrx_word' id='word_1_129' title='bbox 452 2584 517 2627; x_wconf 95' lang='lat' dir='ltr'><strong>non</strong></span> <span class='ocrx_word' id='word_1_130' title='bbox 553 2568 731 2627; x_wconf 90' lang='lat' dir='ltr'><strong>humanum</strong></span> <span class='ocrx_word' id='word_1_131' title='bbox 767 2566 896 2628; x_wconf 84' lang='lat' dir='ltr'><strong>lumen:</strong></span> <span class='ocrx_word' id='word_1_132' title='bbox 932 2567 991 2627; x_wconf 90' lang='lat' dir='ltr'><strong>sed</strong></span> 
     </span>
     <span class='ocr_line' id='line_1_24' title="bbox 238 2663 991 2726; baseline -0.003 0"><span class='ocrx_word' id='word_1_133' title='bbox 238 2668 348 2726; x_wconf 92' lang='lat' dir='ltr'><strong>lumen</strong></span> <span class='ocrx_word' id='word_1_134' title='bbox 379 2674 548 2724; x_wconf 91' lang='lat' dir='ltr'><strong>aeternum</strong></span> <span class='ocrx_word' id='word_1_135' title='bbox 580 2663 760 2725; x_wconf 87' lang='lat' dir='ltr'><strong>increatum</strong></span> <span class='ocrx_word' id='word_1_136' title='bbox 791 2664 991 2725; x_wconf 89' lang='lat' dir='ltr'><strong>immensum</strong></span> 
     </span>
     <span class='ocr_line' id='line_1_25' title="bbox 237 2761 991 2838; baseline 0 -14"><span class='ocrx_word' id='word_1_137' title='bbox 237 2762 403 2824; x_wconf 81' lang='lat' dir='ltr'><strong>ineffabile</strong></span> <span class='ocrx_word' id='word_1_138' title='bbox 424 2761 757 2838; x_wconf 87' lang='lat' dir='ltr'><strong>incomprehensibile</strong></span> <span class='ocrx_word' id='word_1_139' title='bbox 776 2778 991 2838; x_wconf 87' lang='lat' dir='ltr'><strong>superessen-</strong></span> 
     </span>
     <span class='ocr_line' id='line_1_26' title="bbox 200 2858 990 2937; baseline 0.005 -19"><span class='ocrx_word' id='word_1_140' title='bbox 200 2861 312 2922; x_wconf 79' lang='lat' dir='ltr'><strong>2atiale</strong></span> <span class='ocrx_word' id='word_1_141' title='bbox 335 2870 367 2921; x_wconf 89' lang='lat' dir='ltr'><strong>et</strong></span> <span class='ocrx_word' id='word_1_142' title='bbox 388 2858 653 2920; x_wconf 90' lang='lat' dir='ltr'><strong>incommutabile</strong></span> <span class='ocrx_word' id='word_1_143' title='bbox 677 2859 798 2921; x_wconf 87' lang='lat' dir='ltr'><strong>lumen.</strong></span> <span class='ocrx_word' id='word_1_144' title='bbox 841 2859 870 2920; x_wconf 95' lang='lat' dir='ltr'>O</span> <span class='ocrx_word' id='word_1_145' title='bbox 893 2877 990 2937; x_wconf 89' lang='lat' dir='ltr'><strong>quam</strong></span> 
     </span>
     <span class='ocr_line' id='line_1_27' title="bbox 237 2955 990 3035; baseline 0.003 -17"><span class='ocrx_word' id='word_1_146' title='bbox 237 2958 345 3035; x_wconf 88' lang='lat' dir='ltr'><strong>gravis</strong></span> <span class='ocrx_word' id='word_1_147' title='bbox 377 2968 427 3018; x_wconf 91' lang='lat' dir='ltr'><strong>est</strong></span> <span class='ocrx_word' id='word_1_148' title='bbox 458 2956 537 3018; x_wconf 93' lang='lat' dir='ltr'><strong>mihi</strong></span> <span class='ocrx_word' id='word_1_149' title='bbox 574 2955 701 3016; x_wconf 88' lang='lat' dir='ltr'><strong>sarcina</strong></span> <span class='ocrx_word' id='word_1_150' title='bbox 732 2955 858 3032; x_wconf 91' lang='lat' dir='ltr'><strong>carnis,</strong></span> <span class='ocrx_word' id='word_1_151' title='bbox 892 2975 990 3034; x_wconf 89' lang='lat' dir='ltr'><strong>quam</strong></span> 
     </span>
     <span class='ocr_line' id='line_1_28' title="bbox 237 3053 1063 3131; baseline 0 -15"><span class='ocrx_word' id='word_1_152' title='bbox 237 3072 377 3117; x_wconf 89' lang='lat' dir='ltr'><strong>onerosa</strong></span> <span class='ocrx_word' id='word_1_153' title='bbox 408 3056 460 3116; x_wconf 85' lang='lat' dir='ltr'><strong>lex</strong></span> <span class='ocrx_word' id='word_1_154' title='bbox 488 3054 611 3131; x_wconf 89' lang='lat' dir='ltr'><strong>peccati</strong></span> <span class='ocrx_word' id='word_1_155' title='bbox 643 3054 676 3114; x_wconf 94' lang='lat' dir='ltr'><strong>in</strong></span> <span class='ocrx_word' id='word_1_156' title='bbox 706 3053 862 3114; x_wconf 93' lang='lat' dir='ltr'><strong>membris</strong></span> <span class='ocrx_word' id='word_1_157' title='bbox 891 3056 991 3117; x_wconf 90' lang='lat' dir='ltr'><strong>meis:</strong></span> <span class='ocrx_word' id='word_1_158' title='bbox 1062 3055 1063 3058; x_wconf 72' lang='grc'>’</span> 
     </span>
     <span class='ocr_line' id='line_1_29' title="bbox 238 3151 991 3230; baseline 0 -17"><span class='ocrx_word' id='word_1_159' title='bbox 238 3170 322 3230; x_wconf 88' lang='lat' dir='ltr'><strong>quae</strong></span> <span class='ocrx_word' id='word_1_160' title='bbox 344 3152 480 3228; x_wconf 91' lang='lat' dir='ltr'><strong>impedit</strong></span> <span class='ocrx_word' id='word_1_161' title='bbox 501 3162 533 3212; x_wconf 91' lang='lat' dir='ltr'><strong>et</strong></span> <span class='ocrx_word' id='word_1_162' title='bbox 555 3151 689 3212; x_wconf 89' lang='lat' dir='ltr'><strong>retrahit</strong></span> <span class='ocrx_word' id='word_1_163' title='bbox 703 3151 742 3211; x_wconf 89' lang='lat' dir='ltr'><strong>ab</strong></span> <span class='ocrx_word' id='word_1_164' title='bbox 764 3162 897 3228; x_wconf 88' lang='lat' dir='ltr'><strong>aspectu</strong></span> <span class='ocrx_word' id='word_1_165' title='bbox 920 3171 991 3213; x_wconf 89' lang='lat' dir='ltr'><strong>cae·</strong></span> 
     </span>
     <span class='ocr_line' id='line_1_30' title="bbox 238 3247 992 3325; baseline 0.004 -17"><span class='ocrx_word' id='word_1_166' title='bbox 238 3248 330 3309; x_wconf 88' lang='lat' dir='ltr'><strong>lestis</strong></span> <span class='ocrx_word' id='word_1_167' title='bbox 362 3247 512 3323; x_wconf 92' lang='lat' dir='ltr'><strong>luminis;</strong></span> <span class='ocrx_word' id='word_1_168' title='bbox 543 3265 561 3307; x_wconf 88' lang='lat' dir='ltr'><strong>a</strong></span> <span class='ocrx_word' id='word_1_169' title='bbox 592 3248 682 3308; x_wconf 91' lang='lat' dir='ltr'><strong>vultu</strong></span> <span class='ocrx_word' id='word_1_170' title='bbox 713 3249 834 3324; x_wconf 89' lang='lat' dir='ltr'><strong>gloriae</strong></span> <span class='ocrx_word' id='word_1_171' title='bbox 863 3250 943 3325; x_wconf 89' lang='lat' dir='ltr'><strong>Dei,</strong></span> <span class='ocrx_word' id='word_1_172' title='bbox 973 3268 992 3310; x_wconf 89' lang='lat' dir='ltr'><strong>a</strong></span> 
     </span>
     <span class='ocr_line' id='line_1_31' title="bbox 201 3344 990 3422; baseline 0.004 -16"><span class='ocrx_word' id='word_1_173' title='bbox 201 3356 334 3422; x_wconf 82' lang='lat' dir='ltr'><strong>aogustu</strong></span> <span class='ocrx_word' id='word_1_174' title='bbox 372 3344 537 3406; x_wconf 86' lang='lat' dir='ltr'><strong>felicitatis</strong></span> <span class='ocrx_word' id='word_1_175' title='bbox 572 3356 743 3422; x_wconf 87' lang='lat' dir='ltr'><strong>aeternae,</strong></span> <span class='ocrx_word' id='word_1_176' title='bbox 782 3348 821 3407; x_wconf 89' lang='lat' dir='ltr'><strong>ab</strong></span> <span class='ocrx_word' id='word_1_177' title='bbox 856 3348 990 3409; x_wconf 93' lang='lat' dir='ltr'><strong>introitu</strong></span> 
     </span>
     <span class='ocr_line' id='line_1_32' title="bbox 238 3443 990 3521; baseline 0.005 -19"><span class='ocrx_word' id='word_1_178' title='bbox 238 3443 358 3504; x_wconf 92' lang='lat' dir='ltr'><strong>civium</strong></span> <span class='ocrx_word' id='word_1_179' title='bbox 375 3459 609 3519; x_wconf 88' lang='lat' dir='ltr'><strong>supernorum:</strong></span> <span class='ocrx_word' id='word_1_180' title='bbox 632 3461 715 3520; x_wconf 91' lang='lat' dir='ltr'><strong>quos</strong></span> <span class='ocrx_word' id='word_1_181' title='bbox 737 3444 858 3506; x_wconf 88' lang='lat' dir='ltr'><strong>laetitia</strong></span> <span class='ocrx_word' id='word_1_182' title='bbox 872 3445 990 3521; x_wconf 90' lang='lat' dir='ltr'><strong>sempi-</strong></span> 
     </span>
    </p>
   </div>
   <div class='ocr_carea' id='block_1_3' title="bbox 0 0 1094 4186">
    <p class='ocr_par' dir='ltr' id='par_1_3' title="bbox 0 0 1094 4186">
     <span class='ocr_line' id='line_1_33' title="bbox 0 0 1094 4186; baseline 0 5"><span class='ocrx_word' id='word_1_183' title='bbox 0 0 1094 4186; x_wconf 95' lang='lat' dir='ltr'><strong> </strong></span> 
     </span>
    </p>
   </div>
  </div>
 </body>
</html>
