2142 4194
222 465 343 516 mm
416 438 804 506 permirarlouacnnlsrr'
860 462 981 514 tamo

224 614 346 673 sponso
362 614 418 658 cor
440 607 549 656 tuum:
571 604 733 672 quatenus
754 596 793 656 ad
809 607 840 656 te
856 596 981 672 venire,

223 705 256 755 et
270 694 304 755 in
320 703 352 754 te
367 695 513 756 habitare
529 694 688 770 dignetur.
719 693 773 754 Sic
788 694 876 755 enim
892 695 980 756 dicit.
1057 723 1058 730 κ

223 792 258 853 Si
281 793 355 869 quis
378 792 480 868 diligit
502 808 555 851 me
577 807 764 851 sermonem
780 808 889 852 meum
914 809 982 852 ser-

223 890 327 966 vabit3
356 898 388 949 et
410 890 449 949 ad
472 906 547 950 eum
570 889 761 950 veniemus:
785 899 818 950 et
839 891 981 951 mansio-

200 1003 298 1047 5nem
314 987 399 1064 apud
411 1004 485 1047 eum
498 987 667 1048 faciemus.
690 987 741 1047 Da
755 1004 832 1065 ergo
844 987 980 1049 Christo

223 1085 345 1146 locum:
361 1096 394 1145 et
404 1085 524 1145 ceteris
539 1085 692 1146 omnibus
704 1102 787 1162 nega
802 1085 980 1147 introitum.
1058 1117 1059 1120 ¹

224 1185 310 1246 Cum
327 1184 498 1246 Christum
514 1184 684 1244 habueris:
706 1183 799 1244 dives
814 1200 850 1242 es
866 1192 899 1243 et
914 1184 981 1243 sui·

224 1282 290 1343 licit
304 1281 372 1342 tibi.
403 1282 476 1358 Ipse
492 1281 554 1341 erit
569 1281 720 1358 provisor
733 1289 810 1341 tuus
825 1290 857 1341 et
872 1281 981 1341 fidelis

223 1389 414 1456 procurator
435 1379 468 1439 in
491 1379 659 1440 omnibus:
687 1387 722 1438 ut
743 1395 809 1438 non
832 1377 875 1437 sit
896 1395 981 1454 opus
1059 1441 1060 1448 χ

189 1494 213 1534 ro
223 1476 256 1536 in
272 1476 462 1537 hominibus
473 1493 615 1553 sperare.
639 1477 800 1538 Homines
811 1476 899 1537 enim
916 1477 981 1537 cito

223 1584 390 1635 mutantur
404 1585 437 1635 et
451 1574 607 1635 deficiunt
626 1575 801 1651 velociter3
823 1574 981 1636 Christus

223 1681 331 1732 autem
347 1682 457 1732 manet
471 1672 504 1733 in
520 1682 707 1733 aeternum:
729 1681 762 1734 et
776 1681 858 1732 astat
873 1689 980 1749 usque

222 1770 256 1830 in
280 1769 378 1831 linem
400 1770 545 1831 firmiter.
574 1770 649 1830 Non
665 1779 716 1831 est
731 1786 846 1846 magna
861 1769 980 1830 fiducia
1060 1801 1061 1836 3

223 1867 373 1944 ponenda
408 1867 441 1927 in
472 1865 606 1927 homine
638 1866 742 1943 fragili
776 1876 808 1927 et
840 1867 980 1942 mortali,
1060 1899 1061 1904 κ

189 1983 214 2024 15
223 1965 321 2026 etiarn
337 1964 365 2024 si
388 1965 478 2025 utilis
500 1963 543 2024 sit
564 1973 596 2024 et
617 1964 774 2041 dilectus3
794 1980 903 2040 neque
925 1965 981 2025 tri·

223 2063 310 2124 stitia
327 2064 429 2123 multa
443 2079 483 2122 ex
498 2063 561 2122 hoc
576 2062 748 2139 capienda:
771 2063 799 2123 si
815 2061 979 2124 interdum

223 2160 415 2220 adversetur
423 2171 455 2220 et
463 2160 670 2221 contradicat.
687 2161 753 2238 Qui
763 2161 979 2221 hodietecum

223 2268 310 2334 sunt,
332 2275 404 2318 cras
426 2258 616 2319 contrariari
638 2268 791 2334 possunt:
814 2268 847 2318 et
866 2275 886 2318 e
904 2275 981 2318 con·

223 2374 322 2418 verso
345 2373 444 2433 saepe
466 2365 502 2416 ut
522 2373 601 2416 aura
621 2365 802 2417 vertuntur.

185 2469 212 2510 ao
264 2455 355 2515 Pone
377 2463 477 2514 totam
500 2453 652 2514 fiduciam
674 2463 761 2514 tuam
785 2454 818 2514 in
836 2455 926 2516 Deo:
948 2465 981 2516 et

222 2552 264 2612 sit
286 2553 357 2629 ipse
386 2552 484 2613 timor
505 2561 581 2612 tuus
609 2561 642 2612 et
663 2569 754 2612 amor
775 2562 861 2613 tuus.
905 2554 981 2631 lpse

221 2667 280 2728 pro
302 2659 334 2710 te
357 2649 583 2726 respondebit:
613 2658 645 2709 et
667 2649 764 2710 faciet
787 2651 872 2711 bene
895 2652 981 2713 sicut

222 2749 341 2809 melius
364 2749 472 2808 fuerit.
502 2748 577 2808 Non
599 2748 700 2808 habes
716 2748 769 2808 hic
791 2759 979 2811 manentem

222 2847 401 2906 civitatem:
424 2855 456 2906 et
471 2846 670 2922 ubicumque
686 2845 789 2905 fueris
804 2855 981 2908 extraneus

185 2962 259 3006 zaes
281 2953 314 3004 et
328 2943 540 3021 peregrinus3
561 2961 624 3003 nec
639 2943 787 3019 requiem
805 2944 981 3021 aliquando

222 3042 375 3104 habebis:
390 3041 454 3101 nisi
466 3040 602 3102 Christo
613 3040 727 3101 intime
744 3041 849 3101 fueris
857 3043 979 3104 unitus

223 3140 311 3217 Quid
334 3140 387 3200 hic
408 3137 651 3214 circumspicis3
673 3156 748 3198 cum
764 3139 827 3200 iste
848 3157 916 3200 non
940 3141 981 3201 sit

222 3240 315 3299 locus
335 3248 411 3297 tuae
433 3235 675 3311 requietionis?
717 3237 754 3297 ln
781 3238 981 3299 caelestibus

222 3335 318 3396 debet
353 3350 428 3394 esse
464 3332 619 3394 habitatio
650 3342 720 3394 tua:
757 3343 790 3394 et
824 3334 912 3396 sicut
948 3336 980 3396 in

184 3433 360 3494 antransitu
383 3442 501 3494 cuncta
523 3442 654 3493 terrena
681 3441 758 3494 sunt
781 3431 981 3509 aspicienda.

221 3532 405 3592 Transeunt
428 3531 554 3592 omnia:
576 3540 608 3591 et
629 3541 663 3590 tu
680 3548 753 3591 cum
777 3530 826 3591 eis
848 3531 979 3607 pariter.

585 3636 613 3677 oo
