2138 4196
230 474 351 526 (inm
423 473 461 515 DE
477 471 656 515 ΙΜΙΤΑΤῙΟΝΕ
671 471 795 514 CHRISTI
867 471 990 524 &pm

233 607 373 667 luerunt.
416 605 445 668 Ο
472 607 563 666 Deus
592 623 686 666 meus
715 623 806 668 amor
832 614 990 666 aeternus

231 714 333 766 totum
355 705 476 765 bonum
500 721 609 764 meum
640 703 778 765 felicitas
799 703 990 764 intermina-

230 802 323 879 bilis3
352 802 447 878 cupio
469 812 500 862 te
522 801 692 878 suscipere
714 819 787 862 eum
810 803 991 862 vehemen-

231 900 359 961 tissimo
369 898 533 960 desiderio
546 909 578 960 et
588 899 779 976 dignissima
789 899 990 960 reverentia:

209 1013 328 1074 squam
350 996 468 1074 aliquis
490 1007 676 1058 sanctorum
700 1013 853 1074 umquam
876 997 992 1058 habuit

232 1105 264 1156 et
285 1095 408 1155 sentire
430 1093 542 1171 potuit.
582 1093 620 1154 Et
642 1094 717 1154 lieet
738 1094 892 1172 indignus
914 1112 989 1155 sum

231 1191 340 1252 omnia
362 1191 416 1251 illa
437 1190 634 1252 sentimenta
651 1190 834 1251 devotionis
849 1191 992 1266 habere;

231 1299 339 1350 tamen
366 1287 470 1351 offero
498 1288 555 1349 tibi
584 1298 687 1350 totum
717 1287 824 1348 cordis
853 1287 920 1348 mei
945 1287 991 1348 af-

232 1388 370 1447 lectum:
399 1405 436 1447 ac
465 1386 494 1446 si
515 1386 626 1446 omnia
654 1385 709 1446 illa
731 1386 917 1462 gratissima
943 1387 992 1447 in·

198 1485 393 1545 tollammata
415 1483 578 1546 desideria
601 1485 692 1544 solus
714 1478 878 1544 haberem.
910 1485 991 1546 -Sed
1059 1548 1060 1582 ζ

232 1592 263 1642 et
278 1598 504 1659 quaecumque
516 1592 623 1658 potest
637 1581 690 1658 pia
705 1598 799 1642 mens
814 1582 993 1659 concipere
1059 1591 1060 1594 ’

232 1689 263 1739 et
274 1678 476 1739 desiderare:
492 1679 694 1739 haecomnia
706 1678 762 1739 tibi
774 1696 847 1738 cum
859 1695 994 1740 summa

231 1776 442 1837 veneratione
464 1785 496 1836 et
517 1775 631 1836 intimo
661 1776 772 1836 lavore
793 1776 935 1852 praebeo
961 1786 994 1837 et

231 1872 344 1933 offero.
388 1871 477 1932 Nihil
507 1882 582 1948 opto
611 1871 690 1932 mihi
714 1888 899 1932 reservare:
931 1874 993 1933 sed
1060 1885 1061 1888 ’

198 1991 222 2034 rs
232 1988 284 2031 me
306 1979 338 2030 et
362 1969 471 2031 omnia
494 1987 567 2030 mea
595 1969 652 2031 tibi
681 1979 797 2045 sponte
825 1980 858 2030 et
886 1969 994 2030 liben-

231 2067 358 2128 tissime
386 2067 565 2128 immolare.
608 2067 748 2127 Domine
773 2067 864 2126 Deus
894 2084 994 2128 meus

231 2175 358 2226 creator
385 2182 479 2226 meus
511 2176 543 2226 et
572 2165 758 2241 redemptor
788 2181 882 2225 meus
914 2182 993 2225 cum
1061 2151 1062 2190 ³

231 2262 284 2323 tali
314 2262 433 2322 affectu
463 2262 646 2323 reverentia
677 2262 771 2322 laude
803 2272 834 2322 et
862 2263 995 2324 honore

232 2377 305 2420 cunr
328 2360 381 2420 tali
404 2360 599 2436 gratitudine
624 2359 778 2437 dignitate
807 2369 838 2420 et
867 2376 996 2437 amore,

195 2475 306 2520 aucum
328 2457 381 2518 tali
406 2457 468 2519 lide
495 2475 554 2534 spe
583 2467 614 2518 et
643 2457 782 2534 puritate
810 2467 842 2517 te
870 2456 995 2519 allecto

232 2555 329 2616 hodie
352 2555 537 2632 suscipere3
559 2556 643 2616 sicut
665 2567 697 2616 te
715 2555 859 2631 suscepit
881 2566 914 2616 et
937 2558 995 2618 de-

232 2653 387 2714 sideravit
409 2654 616 2715 sanctissima
638 2665 741 2715 mater
769 2663 824 2714 tua
846 2653 995 2730 gloriosa

232 2750 331 2827 Virgo
349 2750 453 2811 illaria
474 2750 603 2827 quando
619 2751 734 2828 angelo
752 2749 994 2826 evangelizanti

232 2849 293 2909 sibi
310 2847 542 2910 incarnationis
559 2849 751 2926 mysterium
770 2847 941 2910 humiliter
955 2867 995 2910 ac

195 2946 349 3009 asdevote
381 2945 567 3021 respondit:
600 2962 677 3006 eece
708 2946 826 3006 ancilla
856 2946 994 3007 Domini

138 3053 140 3058 '
233 3042 286 3104 liat
317 3042 397 3102 mihi
426 3044 607 3103 secundum
638 3043 774 3104 verbum
805 3053 908 3104 tuum.
954 3045 994 3105 Et

232 3140 317 3200 sieut
346 3140 461 3201 beatus
495 3157 689 3216 praecursor
720 3150 797 3201 tuus
827 3141 995 3202 excellen-

232 3237 379 3298 tissimus
402 3247 588 3298 sanctorum
615 3238 777 3298 Iohannes
796 3237 936 3313 baptista
960 3240 994 3300 in

231 3334 417 3411 praesentia
444 3345 499 3395 tua
527 3335 740 3396 laetabundus
771 3335 929 3396 exultavit
959 3337 994 3398 in

196 3432 348 3510 sogaudio
379 3432 519 3508 Spiritus
548 3433 669 3508 sancti,
698 3433 774 3494 dum
796 3432 903 3493 adhuc
926 3451 996 3495 ma·

233 3530 335 3591 ternis
366 3531 573 3590 clauderetur
603 3529 801 3590 visceribus:
837 3540 869 3590 et
905 3541 996 3606 post·

597 3633 634 3676 ist
