2146 4194
180 435 301 488 &m
372 434 411 477 DE
427 434 607 478 miramonte
622 434 746 478 CHRISTI
796 436 943 488 'm

180 568 236 630 Sta
251 567 398 644 firmiter,
414 577 446 628 et
456 578 715 644 perseveranter.
740 569 817 629 Esto
828 568 941 644 longa-

180 666 288 741 nimis,
310 676 342 727 et
357 667 408 726 vir
423 667 534 728 fortis:
556 668 667 728 veniet
684 667 740 727 tibi
756 665 940 727 consolatio

180 763 212 823 in
228 772 376 840 tempore
391 781 462 824 suo.
493 765 635 840 Expecta
650 781 702 824 me
717 773 866 840 expecta:
880 780 940 823 ve·

179 860 265 921 niam
283 871 314 921 et
330 861 450 921 curabo
470 870 512 921 te.
542 860 723 938 Temptatio
738 870 789 921 est
803 877 885 936 quae
905 870 938 921 te

157 968 291 1018 svexat:
313 968 346 1018 et
369 957 508 1018 formido
526 976 609 1018 vana
631 975 714 1036 quae
733 970 765 1018 te
785 968 941 1018 exterret.-

180 1055 269 1132 Quid
292 1055 444 1131 importat
466 1055 651 1116 sollicitudo
667 1056 707 1116 de
728 1056 844 1116 futuris
859 1072 939 1114 con·

180 1152 396 1230 tingentibus3
416 1153 479 1212 nisi
496 1163 531 1213 ut
546 1153 709 1213 tristitiam
725 1171 824 1231 super
837 1153 939 1213 tristi·

180 1250 255 1310 tiam
265 1251 413 1311 habeas?
428 1250 577 1312 Sufficiat
588 1251 651 1311 diei
663 1251 785 1312 malitia
794 1268 861 1310 sua.
872 1250 939 1311 Va-

180 1366 257 1408 num
270 1359 320 1409 est
331 1359 362 1410 et
374 1349 488 1434 inutile
500 1349 540 1408 de
556 1349 676 1409 futuris
687 1348 870 1409 conturbari
881 1349 938 1408 vel

145 1467 170 1508 ro
179 1446 348 1523 gratulari:
371 1464 454 1524 quae
477 1447 560 1507 forte
575 1463 753 1523 numquam
774 1445 939 1506 evenient.

180 1543 244 1605 Sed
260 1545 438 1604 humanum
462 1553 512 1604 est
527 1544 714 1604 huiusmodi
737 1543 939 1620 imaginatio·

156 1720 158 1724 ,
179 1642 276 1702 nibus
287 1642 397 1719 iiludi3
412 1654 444 1704 et
455 1642 545 1719 parvi
558 1642 663 1702 adhuc
674 1642 773 1702 animi
790 1642 939 1718 signum:

179 1749 243 1799 tam
260 1739 376 1800 leviter
390 1741 473 1800 trahi
489 1741 528 1800 ad
544 1739 786 1817 suggestionem
802 1739 939 1800 inimici.

181 1837 254 1914 ipse
270 1838 356 1898 enim
373 1855 438 1898 non
455 1848 545 1898 curat
561 1847 668 1898 utrum
684 1837 773 1897 veris
788 1855 831 1897 an·
844 1837 939 1898 falsis

145 1933 355 1997 rsilludatet
386 1935 542 2012 decipiat:
573 1945 681 1996 utrum
713 1935 938 2011 praesentium

180 2048 301 2107 amore,
322 2043 376 2094 aut
399 2034 582 2093 futurorum
606 2032 780 2093 formidine
795 2042 939 2110 proster-

180 2138 243 2189 nat.
272 2130 346 2189 Non
363 2148 439 2207 ergo
459 2131 607 2190 turbetur
622 2147 679 2190 cor
697 2139 806 2190 tuum:
828 2147 940 2208 neque

181 2226 342 2287 formidet.
386 2228 495 2289 Crede
524 2228 557 2288 in
587 2245 656 2288 me:
687 2237 719 2288 et
747 2228 780 2289 in
810 2228 939 2289 miseri-

180 2323 289 2383 cordia
311 2340 384 2385 mea
405 2326 523 2386 habeto
546 2325 707 2385 fiduciam.
739 2323 879 2402 Quando
903 2337 938 2387 tu

142 2432 273 2497 zoputas
289 2432 321 2482 te
336 2423 520 2499 elongatum
537 2441 555 2483 a
570 2440 639 2483 me:
661 2439 760 2499 saepe
775 2440 848 2482 sum
864 2441 939 2499 pro-

180 2518 341 2595 pinquior.
357 2519 498 2597 Quando
508 2530 542 2581 tu
554 2521 708 2581 aestimas
718 2538 822 2596 paene
832 2530 939 2581 totum

180 2615 358 2691 perditum:
381 2627 457 2677 tunc
479 2634 577 2694 saepe
600 2618 704 2678 maius
719 2618 866 2679 merendi
889 2619 939 2678 in-

180 2723 242 2774 stat
271 2715 408 2774 lucrum.
451 2714 525 2774 Non
555 2724 604 2775 est
632 2725 735 2776 totum
757 2717 939 2791 perditum:

180 2811 309 2888 quando
332 2829 385 2871 res
408 2811 524 2872 accidit
552 2812 585 2872 in
611 2812 819 2874 contrarium.
861 2814 940 2875 Non

142 2908 280 2972 redebes
309 2908 453 2969 iudicare
480 2910 661 2970 secundum
684 2927 841 2988 praesens
863 2928 939 2972 sen-

179 3006 257 3081 tire3
280 3023 340 3066 nec
363 3006 410 3066 sic
432 3006 578 3084 gravitati
595 3007 691 3068 alicui
707 3008 940 3086 undecumque

180 3102 325 3163 venienti
348 3104 521 3164 inhaerere
537 3113 568 3164 et
585 3105 750 3180 accipere:
772 3116 939 3182 tamquam

180 3201 287 3260 omnis
316 3219 393 3278 spes
421 3201 463 3262 sit
491 3202 596 3262 ablata
617 3204 815 3280 emergendi.
861 3205 938 3265 Noli

180 3307 294 3372 putare
322 3309 354 3360 te
376 3299 525 3360 relictum
549 3317 588 3360 ex
612 3309 696 3376 toto;
725 3301 875 3376 quamvis
898 3303 939 3363 ad

142 3404 311 3471 notempus
339 3397 395 3456 tibi
419 3395 565 3456 miserim
590 3397 730 3474 aliquam
759 3398 940 3460 tribulatio·

181 3512 274 3555 nem:
292 3497 344 3556 vel
361 3497 456 3556 etiam
474 3505 613 3572 optatam
630 3496 845 3557 subtraxerim
861 3513 940 3558 con·

537 3599 578 3642 roo
