2146 4194
82 437 369 500 mm
432 443 503 485 ¹¹¹³1
567 439 849 494 &millib

85 581 167 658 quid
197 580 293 640 etiam
323 578 437 638 habet:
465 584 611 637 nonest
632 573 740 651 magni
770 589 848 649 pon-

4 689 5 696 *
85 674 189 736 deris,
232 674 296 734 Diu
319 693 439 751 parvus
462 674 523 735 erit
545 683 577 734 et
606 672 690 732 inira
714 670 848 732 iacebit:

87 772 145 851 qui
169 772 290 849 aliquid
310 789 462 850 magnum
484 771 633 859 aestimat
655 769 718 830 nisi
741 769 847 829 solum

87 887 193 931 unum
223 871 421 932 immensum
444 879 613 930 aeternum
635 868 768 927 bonum.
811 867 850 926 Et

90 968 251 1046 quidquid
266 969 358 1029 Deus
373 985 439 1029 non
462 977 529 1028 est:
551 966 633 1026 nihil
656 975 716 1040 est,
737 975 770 1026 et
791 980 872 1042 pros

91 1065 197 1126 nihilo
219 1066 398 1143 computari
421 1066 526 1126 debet.
557 1064 614 1124 Est
628 1081 743 1141 magna
758 1062 850 1122 dille-
932 1102 934 1108 -

92 1162 208 1238 nentia,
230 1164 389 1239 sapientia
411 1162 583 1224 illuminati
600 1171 632 1222 et
647 1159 755 1221 devoti
771 1159 850 1220 viri:

3 1291 4 1304 1
92 1269 125 1320 et
147 1259 285 1321 scientia
306 1260 436 1322 litterati
456 1271 553 1336 atque
568 1258 706 1319 studiosi
729 1257 850 1318 clerici.

94 1357 202 1418 Multo
224 1359 364 1419 nobilior
386 1369 437 1419 est
457 1358 513 1419 illa
527 1356 675 1417 doctrina
690 1373 774 1434 quae
797 1356 851 1415 de·

93 1472 227 1516 sursum
244 1473 283 1516 ex
298 1456 409 1517 divina
423 1455 593 1516 inlluentia
608 1464 731 1515 manat:
754 1471 849 1531 quam
863 1469 888 1511 10

93 1571 179 1630 quae
190 1554 352 1615 laboriose
362 1555 505 1615 humano
518 1553 697 1630 acquiritur
710 1552 852 1629 ingenio.

95 1651 214 1712 Plures
236 1653 445 1728 reperiuntur
469 1651 775 1727 contemplationem
798 1650 852 1710 de-

94 1748 258 1810 siderare:
287 1751 345 1810 sed
368 1767 451 1827 quae
473 1750 511 1809 ad
542 1766 612 1809 eam
642 1748 854 1825 requiruntur

3 1895 6 1914 ,,
94 1864 162 1906 non
185 1848 317 1908 student
339 1864 504 1908 exercere.
541 1846 598 1907 Est
619 1863 771 1923 magnum
795 1846 853 1906 im·

93 1945 319 2022 pedimentum
335 1944 411 2021 quia
426 1944 459 2005 in
475 1944 578 2021 signis
594 1953 626 2004 et
641 1943 853 2005 sensibilibus
865 1959 889 2001 rs

93 2045 196 2105 rebus
210 2054 329 2105 statur:
352 2054 384 2105 et
399 2061 512 2121 parum
528 2044 569 2104 de
584 2041 729 2120 perfecta
743 2041 854 2102 morti·
894 2050 895 2054 ’

94 2141 248 2203 litatione
270 2142 417 2203 habetur.
461 2142 582 2202 Nescio
605 2140 682 2218 quid
705 2149 765 2215 est,
789 2157 853 2216 quo

94 2239 213 2316 spiriru
242 2239 410 2314 ducimur,
440 2249 472 2300 et
503 2239 580 2316 quid
609 2237 854 2315 praetendimus

94 2336 151 2413 qui
182 2335 369 2412 spirituales
391 2337 454 2397 dici
477 2337 643 2412 videmur3
672 2335 757 2412 quod
787 2344 854 2395 tan·

94 2444 164 2495 tum
187 2434 331 2494 laborem
347 2444 380 2494 et
393 2434 584 2511 ampliorem
600 2433 853 2494 sollicitudinem
864 2449 891 2491 ao

95 2549 154 2608 pro
178 2531 375 2592 transitoriis
397 2541 429 2592 et
450 2532 571 2592 vilibus
593 2532 691 2592 rebus
713 2531 855 2608 agimus:

2 2651 3 2662 ¹
95 2639 129 2690 et
150 2628 192 2688 de
215 2627 425 2688 interioribus
448 2629 570 2689 nostris
588 2628 643 2689 vix
665 2645 737 2688 raro
759 2629 856 2704 plene

96 2725 284 2787 recollectis
299 2726 453 2787 sensibus
468 2726 658 2803 cogitamus.
686 2726 749 2786 Pro
764 2726 857 2785 dolor

96 2824 207 2886 statim
223 2833 297 2900 post
312 2825 472 2885 modicam
487 2824 752 2884 recollectionem
769 2822 856 2883 loras

97 2923 320 3000 erumpimus:
351 2941 413 2984 nec
444 2940 542 3000 opera
573 2931 684 2983 nostra
712 2920 893 2981 districtazs

97 3021 340 3083 examinatione
362 3021 568 3082 trutinamus.
599 3019 661 3080 Vbi
684 3018 791 3078 iacent
812 3018 857 3078 al·

99 3120 207 3181 fectus
229 3119 331 3179 nostri
361 3135 427 3179 non
456 3118 670 3179 attendimus:
700 3126 732 3176 et
760 3133 856 3192 quam

2 3243 3 3254 ¹
97 3215 724 3294 impurasintomnianondeploramus.
739 3213 858 3275 Omnis

99 3314 222 3393 quippe
251 3330 326 3373 caro
355 3323 545 3389 corruperat
572 3312 658 3372 viam
687 3328 797 3371 suam:
827 3320 858 3371 et

98 3412 176 3472 ideo
191 3411 390 3487 sequebatur
404 3410 562 3470 diluvium
579 3426 742 3487 magnum.
771 3409 895 3471 Cumao

99 3525 181 3587 ergo
203 3507 338 3574 interior
353 3507 491 3569 allectus
507 3517 620 3568 noster
634 3507 771 3567 multum
790 3521 859 3565 cor-

461 3610 503 3654 aaa
