2142 4194
237 457 357 510 Μ
427 457 661 501 DEIMITATIONE
676 456 801 501 CHRISTI
871 457 991 512 mm&

238 591 387 667 puriores
402 591 436 651 in
457 591 550 652 initio
566 592 792 652 conversionis
807 609 868 652 nos
888 591 990 652 fuisse

238 691 461 751 inveniamus:
477 707 573 768 quam
589 699 663 765 post
673 691 793 750 multos
805 707 909 750 annos
919 707 990 766 pro-

238 788 403 849 fessionis.
436 789 557 849 Fervor
572 797 604 848 et
618 787 785 863 proiectus
803 786 922 847 cotidie
937 788 990 847 de-

237 887 329 948 beret
350 903 517 963 crescere;
539 888 598 946 sed
619 874 787 961 nunc'pro
806 901 922 960 magno
944 885 991 944 vi·

214 985 344 1046 sdetur:
360 985 387 1045 si
399 985 473 1062 quis
484 985 579 1061 primi
594 984 733 1045 fervoris
744 993 867 1060 partem
879 993 991 1059 posset

237 1082 389 1143 retinere.
432 1082 465 1143 Si
495 1083 656 1144 modicam
685 1081 873 1142 violentiam
905 1081 991 1142 face-

236 1197 347 1240 remus
369 1181 402 1240 in
425 1181 602 1258 principio:
630 1190 708 1241 tunc
737 1190 851 1257 postea
874 1189 992 1242 cuncta

235 1294 410 1353 possemus
432 1278 540 1338 iacere
562 1296 636 1338 cum
659 1277 791 1340 levitate
812 1286 845 1338 et
862 1276 990 1354 gaudio.

236 1374 347 1435 Grave
367 1384 417 1435 est
432 1385 562 1436 assueta
577 1375 756 1437 dimittere:
778 1375 837 1436 sed
858 1374 1007 1452 gravius·

201 1481 286 1531 roest
307 1481 420 1532 contra
434 1474 597 1550 propriam
613 1475 814 1534 voluntatem
837 1473 895 1533 ire.
924 1472 991 1554 Sed

235 1569 263 1629 si
295 1587 360 1630 non
391 1570 497 1629 vincis
527 1588 627 1646 parva
659 1580 691 1631 et
722 1570 826 1645 levia;
861 1571 991 1646 quando

235 1668 405 1743 superabis
434 1666 645 1728 difficiliora?
687 1667 817 1728 Resiste
845 1667 879 1727 in
903 1668 992 1744 prin-

235 1765 319 1842 cipio
339 1763 541 1825 inclinationi
558 1775 648 1841 tuae;
670 1774 703 1824 et
724 1766 840 1826 malam
857 1764 992 1826 dedisce

235 1862 525 1924 consuetudinem:
562 1879 605 1922 ne
641 1862 725 1923 forte
760 1863 913 1939 paulatim
949 1865 991 1924 ad

201 1961 389 2021 ismaiorem
413 1971 445 2021 tc
467 1961 563 2020 ducat
577 1959 812 2021 difficultatem.
846 1960 919 2022 Osi
936 1961 993 2021 ad-

233 2067 381 2118 verteres
403 2066 555 2133 quantam
579 2056 634 2117 tibi
657 2074 771 2133 pacem
787 2069 819 2120 et
834 2058 907 2118 aliis
925 2060 993 2119 lae-

234 2155 335 2216 titiam
366 2155 492 2216 faceres
521 2165 552 2216 te
581 2156 688 2232 ipsum
713 2156 797 2216 bene
822 2157 992 2217 habendo:

233 2263 311 2329 puto
327 2254 412 2329 quod
430 2253 600 2314 sollicitior
615 2272 709 2315 esses
730 2255 769 2314 ad
785 2253 991 2330 spiritualem

233 2351 427 2427 profectum.

196 2561 223 2602 20
285 2546 341 2606 DE
364 2546 590 2607 VTILITATE
612 2546 939 2609 ADVERSITATIS.

471 2702 676 2752 CAPITVLVM
695 2703 750 2752 XII.

232 2781 452 3001 &Onam
488 2839 583 2899 nobis
614 2849 664 2899 est
694 2840 781 2916 quod
813 2838 994 2915 aliquando

359 2935 537 2997 habeamus
548 2936 673 3012 aliquas
683 2936 858 3013 gravitates
869 2945 901 2996 et
912 2954 995 2996 con·
1069 2933 1070 2964 r

232 3032 429 3093 trarietates:
459 3033 535 3110 quia
557 3051 654 3111 saepe
679 3033 845 3094 hominem
869 3034 908 3093 ad
931 3051 1005 3094 cor-

194 3149 222 3190 25
232 3140 403 3207 revocant;
427 3132 580 3207 quatinus
601 3148 638 3190 se
660 3130 693 3190 in
716 3131 814 3192 exilio
836 3148 912 3191 esse
935 3148 995 3191 co-

230 3237 380 3303 gnoscat:
411 3246 472 3288 nec
504 3247 595 3306 spem
625 3247 717 3290 suam
749 3229 782 3288 in
811 3227 920 3304 aliqua
954 3244 994 3288 re

231 3326 343 3385 mundi
366 3336 472 3402 ponat.
503 3329 631 3388 Bonum
648 3337 698 3388 est
717 3325 804 3403 quod
826 3325 995 3400 patiamur

231 3425 425 3500 quandoque
448 3424 721 3485 contradictiones
743 3432 775 3482 et
797 3423 883 3500 quod
901 3422 994 3482 male

231 3531 263 3581 et
278 3521 469 3598 imperfecte
484 3523 524 3581 de
540 3521 635 3581 nobis
653 3521 827 3581 sentiatur:
843 3519 942 3580 etiam
962 3520 994 3580 si
1069 3537 1070 3552 ³
