2178 4186
163 1421 220 1480 DE
243 1417 547 1481 MORTIFICATA
569 1416 672 1479 VITA
696 1417 782 1478 PRO

373 1523 577 1587 CHRISTO.

94 1708 455 2090 Gmriosns
476 1743 644 1820 apostolus
661 1743 782 1803 Paulus
797 1742 852 1802 do-

312 1852 364 1902 cet
392 1859 445 1902 me
481 1835 705 1901 mortificatam
736 1856 851 1916 gerere

96 1746 286 2086 Q&
311 1939 421 2014 vitam,
443 1938 566 1998 dicens.
594 1937 783 1996 Existimote
796 1953 874 1996 voss

313 2034 851 2097 mortuosmundo:viventesoutem

94 2137 162 2196 Deo
191 2135 224 2195 in
252 2132 517 2209 sanctificatione.
561 2132 598 2192 Et
627 2132 660 2192 in
688 2132 751 2192 alio
781 2132 852 2191 loco

95 2233 183 2294 dicit.
207 2231 244 2293 Si
255 2231 443 2293 commortui
456 2246 583 2291 sumus:
597 2237 629 2291 et
641 2232 853 2292 convivemus.

97 2331 222 2391 Idcirco
244 2329 449 2391 mortificatio
474 2339 524 2390 est
548 2328 627 2389 mihi
650 2329 853 2404 necessaria3

96 2438 128 2489 et
157 2429 244 2506 quod
276 2427 308 2487 in
340 2426 429 2487 omni
461 2443 497 2486 re
527 2442 581 2485 me
611 2425 792 2502 relinquam
821 2435 889 2485 etro

96 2525 224 2586 vincam
253 2533 386 2600 propter
413 2522 601 2585 Christum:
630 2523 684 2600 qui
713 2540 771 2600 pro
801 2540 852 2582 me

96 2632 247 2684 mortuus
275 2632 326 2682 est
353 2631 385 2682 et
414 2619 593 2681 resurrexit
620 2637 638 2679 a
660 2629 774 2680 morte.
817 2621 852 2679 ln

95 2721 163 2780 vita
199 2718 331 2779 Domini
368 2719 471 2779 nostri
507 2718 640 2779 invenio
675 2719 852 2795 perfectam

96 2816 380 2878 mortificationem
399 2815 463 2875 mei
486 2815 590 2892 ipsius
606 2816 786 2877 secundum
809 2816 854 2876 ai-

97 2913 273 2975 iectionem
296 2923 430 2974 naturae
458 2922 490 2973 et
515 2914 758 2974 inclinationem
781 2931 855 2974 sen·
866 2936 890 2976 rs

96 3011 274 3073 snalitatis:
296 3028 379 3089 quae
401 3012 498 3072 debet
512 3011 625 3088 utique
643 3011 800 3071 refrenari
823 3022 855 3071 et

97 3108 274 3186 subiugari.
305 3108 440 3169 Invenio
456 3107 552 3169 etiam
569 3109 602 3168 in
613 3118 717 3169 morte
729 3107 853 3170 Christi

97 3207 259 3283 quandam
289 3206 492 3283 spiritualem
517 3216 549 3267 et
572 3206 732 3267 internam
755 3205 853 3266 vitam

97 3301 198 3379 gratia
220 3313 252 3362 et
266 3303 441 3364 virtutibus
455 3305 602 3381 plenam:
624 3321 699 3364 cum
722 3319 784 3379 qua
806 3320 855 3363 re-

98 3417 195 3477 surgo
218 3401 256 3460 ab
279 3401 432 3461 omnibus
454 3402 608 3478 perituris
629 3402 727 3462 rebus
749 3411 780 3461 et
802 3401 891 3465 ad·20

99 3498 310 3558 haesionibus
326 3507 558 3574 creaturarum,
581 3508 671 3559 extra
686 3516 738 3558 me
753 3499 805 3558 vel
821 3497 854 3557 in

136 3603 229 3646 Tlromoa
239 3615 253 3645 a
263 3603 290 3646 K.
301 3601 387 3657 Opera.
403 3603 433 3646 ll.
459 3604 500 3644 385
721 3602 749 3643 25
