<?xml version="1.0" encoding="UTF-8"?>
<!DOCTYPE html PUBLIC "-//W3C//DTD XHTML 1.0 Transitional//EN"
    "http://www.w3.org/TR/xhtml1/DTD/xhtml1-transitional.dtd">
<html xmlns="http://www.w3.org/1999/xhtml" xml:lang="en" lang="en">
 <head>
  <title>
</title>
<meta http-equiv="Content-Type" content="text/html;charset=utf-8" />
  <meta name='ocr-system' content='tesseract 3.04.00' />
  <meta name='ocr-capabilities' content='ocr_page ocr_carea ocr_par ocr_line ocrx_word'/>
</head>
<body>
  <div class='ocr_page' id='page_1' title='image "./thomaehemerkena03pohlgoog_0439.png"; bbox 0 0 2178 4186; ppageno 0'>
   <div class='ocr_carea' id='block_1_1' title="bbox 242 444 993 500">
    <p class='ocr_par' dir='ltr' id='par_1_1' title="bbox 242 444 993 500">
     <span class='ocr_line' id='line_1_1' title="bbox 242 444 993 500; baseline 0.005 -15"><span class='ocrx_word' id='word_1_1' title='bbox 242 446 283 498; x_wconf 61' lang='lat' dir='ltr'><strong>m</strong></span> <span class='ocrx_word' id='word_1_2' title='bbox 294 444 399 488; x_wconf 84' lang='lat' dir='ltr'>BREVIS</span> <span class='ocrx_word' id='word_1_3' title='bbox 409 445 587 489; x_wconf 76' lang='lat' dir='ltr'>ADMONITIO</span> <span class='ocrx_word' id='word_1_4' title='bbox 600 444 783 489; x_wconf 72' lang='lat' dir='ltr'><strong>srrnrrvnirs</strong></span> <span class='ocrx_word' id='word_1_5' title='bbox 796 445 947 490; x_wconf 64' lang='lat' dir='ltr'><strong>exercitu</strong></span> <span class='ocrx_word' id='word_1_6' title='bbox 956 447 993 500; x_wconf 63' lang='grc' dir='ltr'><strong>,ΥΘ</strong></span> 
     </span>
    </p>
   </div>
   <div class='ocr_carea' id='block_1_2' title="bbox 239 579 993 850">
    <p class='ocr_par' dir='ltr' id='par_1_2' title="bbox 239 579 993 850">
     <span class='ocr_line' id='line_1_2' title="bbox 240 579 993 656; baseline 0.004 -18"><span class='ocrx_word' id='word_1_7' title='bbox 240 596 298 654; x_wconf 95' lang='lat' dir='ltr'><strong>pro</strong></span> <span class='ocrx_word' id='word_1_8' title='bbox 330 579 411 639; x_wconf 88' lang='lat' dir='ltr'><strong>Deo.</strong></span> <span class='ocrx_word' id='word_1_9' title='bbox 462 579 559 639; x_wconf 84' lang='lat' dir='ltr'><strong>Multi</strong></span> <span class='ocrx_word' id='word_1_10' title='bbox 590 579 721 640; x_wconf 91' lang='lat' dir='ltr'><strong>duriora</strong></span> <span class='ocrx_word' id='word_1_11' title='bbox 750 579 934 656; x_wconf 88' lang='lat' dir='ltr'><strong>patiuntur,</strong></span> <span class='ocrx_word' id='word_1_12' title='bbox 963 590 993 641; x_wconf 87' lang='lat' dir='ltr'><strong>et</strong></span> 
     </span>
     <span class='ocr_line' id='line_1_3' title="bbox 239 675 991 754; baseline 0.004 -19"><span class='ocrx_word' id='word_1_13' title='bbox 239 675 368 736; x_wconf 91' lang='lat' dir='ltr'><strong>virilius</strong></span> <span class='ocrx_word' id='word_1_14' title='bbox 382 685 480 752; x_wconf 87' lang='lat' dir='ltr'><strong>agunt</strong></span> <span class='ocrx_word' id='word_1_15' title='bbox 494 693 553 752; x_wconf 90' lang='lat' dir='ltr'><strong>pro</strong></span> <span class='ocrx_word' id='word_1_16' title='bbox 573 676 719 737; x_wconf 84' lang='lat' dir='ltr'><strong>inferno:</strong></span> <span class='ocrx_word' id='word_1_17' title='bbox 741 693 838 753; x_wconf 88' lang='lat' dir='ltr'><strong>quam</strong></span> <span class='ocrx_word' id='word_1_18' title='bbox 854 694 916 738; x_wconf 92' lang='lat' dir='ltr'><strong>nos</strong></span> <span class='ocrx_word' id='word_1_19' title='bbox 937 696 991 754; x_wconf 93' lang='lat' dir='ltr'><strong>pro</strong></span> 
     </span>
     <span class='ocr_line' id='line_1_4' title="bbox 240 773 506 850; baseline 0.004 -17"><span class='ocrx_word' id='word_1_20' title='bbox 240 773 372 833; x_wconf 85' lang='lat' dir='ltr'><strong>caelesti</strong></span> <span class='ocrx_word' id='word_1_21' title='bbox 395 790 506 850; x_wconf 85' lang='lat' dir='ltr'><strong>regno.</strong></span> 
     </span>
    </p>
   </div>
   <div class='ocr_carea' id='block_1_3' title="bbox 217 985 969 1155">
    <p class='ocr_par' dir='ltr' id='par_1_3' title="bbox 217 985 969 1155">
     <span class='ocr_line' id='line_1_5' title="bbox 266 985 969 1049; baseline -0.001 -2"><span class='ocrx_word' id='word_1_22' title='bbox 266 986 323 1047; x_wconf 87' lang='lat' dir='ltr'><strong>DE</strong></span> <span class='ocrx_word' id='word_1_23' title='bbox 346 986 539 1049; x_wconf 88' lang='lat' dir='ltr'>REFVGIO</span> <span class='ocrx_word' id='word_1_24' title='bbox 563 985 623 1048; x_wconf 85' lang='grc' dir='ltr'><strong>ΑΙ)</strong></span> <span class='ocrx_word' id='word_1_25' title='bbox 646 986 771 1047; x_wconf 84' lang='lat' dir='ltr'>DEVM</span> <span class='ocrx_word' id='word_1_26' title='bbox 796 985 969 1047; x_wconf 83' lang='lat' dir='ltr'>SEMPER</span> 
     </span>
     <span class='ocr_line' id='line_1_6' title="bbox 217 1092 731 1155; baseline -0.004 0"><span class='ocrx_word' id='word_1_27' title='bbox 217 1113 231 1155; x_wconf 84' lang='lat'><strong>5</strong></span> <span class='ocrx_word' id='word_1_28' title='bbox 502 1092 731 1155; x_wconf 79' lang='lat' dir='ltr'><strong>HABENDO.</strong></span> 
     </span>
    </p>
   </div>
   <div class='ocr_carea' id='block_1_4' title="bbox 238 1198 992 1431">
    <p class='ocr_par' dir='ltr' id='par_1_4' title="bbox 238 1198 992 1431">
     <span class='ocr_line' id='line_1_7' title="bbox 238 1198 992 1431; baseline -0.012 -100"><span class='ocrx_word' id='word_1_29' title='bbox 238 1198 471 1431; x_wconf 38' lang='lat' dir='ltr'><strong>&amp;giunta</strong></span> <span class='ocrx_word' id='word_1_30' title='bbox 486 1281 544 1340; x_wconf 87' lang='lat' dir='ltr'><strong>age</strong></span> <span class='ocrx_word' id='word_1_31' title='bbox 555 1271 587 1324; x_wconf 92' lang='lat' dir='ltr'><strong>et</strong></span> <span class='ocrx_word' id='word_1_32' title='bbox 602 1262 804 1324; x_wconf 84' lang='lat' dir='ltr'><strong>confortetur</strong></span> <span class='ocrx_word' id='word_1_33' title='bbox 815 1280 871 1324; x_wconf 85' lang='lat' dir='ltr'><strong>cor</strong></span> <span class='ocrx_word' id='word_1_34' title='bbox 885 1272 992 1326; x_wconf 86' lang='lat' dir='ltr'><strong>tuum:</strong></span> 
     </span>
     <span class='ocr_line' id='line_1_8' title="bbox 376 1359 992 1424; baseline -0.021 -3"><span class='ocrx_word' id='word_1_35' title='bbox 376 1360 538 1420; x_wconf 87' lang='lat' dir='ltr'>Dominus</span> <span class='ocrx_word' id='word_1_36' title='bbox 553 1359 615 1420; x_wconf 91' lang='lat' dir='ltr'><strong>erit</strong></span> <span class='ocrx_word' id='word_1_37' title='bbox 629 1367 737 1421; x_wconf 87' lang='lat' dir='ltr'><strong>tecum</strong></span> <span class='ocrx_word' id='word_1_38' title='bbox 760 1359 793 1420; x_wconf 93' lang='lat' dir='ltr'><strong>in</strong></span> <span class='ocrx_word' id='word_1_39' title='bbox 809 1362 899 1422; x_wconf 91' lang='lat' dir='ltr'><strong>omni</strong></span> <span class='ocrx_word' id='word_1_40' title='bbox 915 1372 992 1424; x_wconf 91' lang='lat' dir='ltr'><strong>tem.</strong></span> 
     </span>
    </p>
   </div>
   <div class='ocr_carea' id='block_1_5' title="bbox 178 1457 1069 3492">
    <p class='ocr_par' dir='ltr' id='par_1_5' title="bbox 178 1416 1069 3492">
     <span class='ocr_line' id='line_1_9' title="bbox 237 1457 992 1534; baseline 0.001 -15"><span class='ocrx_word' id='word_1_41' title='bbox 237 1475 316 1534; x_wconf 89' lang='lat' dir='ltr'><strong>pore</strong></span> <span class='ocrx_word' id='word_1_42' title='bbox 339 1468 370 1519; x_wconf 86' lang='lat' dir='ltr'><strong>et</strong></span> <span class='ocrx_word' id='word_1_43' title='bbox 392 1459 474 1518; x_wconf 87' lang='lat' dir='ltr'><strong>loco.</strong></span> <span class='ocrx_word' id='word_1_44' title='bbox 504 1457 636 1534; x_wconf 85' lang='lat' dir='ltr'><strong>Quaere</strong></span> <span class='ocrx_word' id='word_1_45' title='bbox 657 1457 749 1518; x_wconf 92' lang='lat' dir='ltr'><strong>illum</strong></span> <span class='ocrx_word' id='word_1_46' title='bbox 772 1467 804 1518; x_wconf 89' lang='lat' dir='ltr'><strong>et</strong></span> <span class='ocrx_word' id='word_1_47' title='bbox 826 1458 992 1520; x_wconf 87' lang='lat' dir='ltr'><strong>invenies:</strong></span> 
     </span>
     <span class='ocr_line' id='line_1_10' title="bbox 178 1541 1067 1632; baseline 0.001 -15"><span class='ocrx_word' id='word_1_48' title='bbox 178 1572 196 1623; x_wconf 71' lang='lat' dir='ltr'><strong>u</strong></span> <span class='ocrx_word' id='word_1_49' title='bbox 237 1557 340 1617; x_wconf 87' lang='lat' dir='ltr'><strong>clama</strong></span> <span class='ocrx_word' id='word_1_50' title='bbox 361 1574 403 1617; x_wconf 97' lang='lat' dir='ltr'><strong>ne</strong></span> <span class='ocrx_word' id='word_1_51' title='bbox 426 1573 556 1632; x_wconf 84' lang='lat' dir='ltr'><strong>cesses3</strong></span> <span class='ocrx_word' id='word_1_52' title='bbox 584 1555 612 1616; x_wconf 93' lang='lat' dir='ltr'><strong>si</strong></span> <span class='ocrx_word' id='word_1_53' title='bbox 634 1573 758 1616; x_wconf 95' lang='lat' dir='ltr'><strong>moram</strong></span> <span class='ocrx_word' id='word_1_54' title='bbox 782 1555 914 1632; x_wconf 84' lang='lat' dir='ltr'><strong>fecerit,</strong></span> <span class='ocrx_word' id='word_1_55' title='bbox 941 1575 992 1618; x_wconf 86' lang='lat' dir='ltr'><strong>ex·</strong></span> <span class='ocrx_word' id='word_1_56' title='bbox 1066 1541 1067 1562; x_wconf 23' lang='grc' dir='ltr'>ἢ</span> 
     </span>
     <span class='ocr_line' id='line_1_11' title="bbox 203 1653 1067 1732; baseline 0 -16"><span class='ocrx_word' id='word_1_57' title='bbox 203 1663 330 1732; x_wconf 87' lang='lat' dir='ltr'><strong>ropecta</strong></span> <span class='ocrx_word' id='word_1_58' title='bbox 355 1672 448 1716; x_wconf 90' lang='lat' dir='ltr'><strong>eum:</strong></span> <span class='ocrx_word' id='word_1_59' title='bbox 478 1664 510 1715; x_wconf 88' lang='lat' dir='ltr'><strong>et</strong></span> <span class='ocrx_word' id='word_1_60' title='bbox 537 1670 604 1714; x_wconf 95' lang='lat' dir='ltr'><strong>non</strong></span> <span class='ocrx_word' id='word_1_61' title='bbox 632 1653 820 1715; x_wconf 86' lang='lat' dir='ltr'><strong>morabitur.</strong></span> <span class='ocrx_word' id='word_1_62' title='bbox 863 1655 926 1715; x_wconf 87' lang='lat' dir='ltr'><strong>Dic</strong></span> <span class='ocrx_word' id='word_1_63' title='bbox 954 1656 992 1716; x_wconf 93' lang='lat' dir='ltr'><strong>ad</strong></span> <span class='ocrx_word' id='word_1_64' title='bbox 1065 1711 1067 1716; x_wconf 90' lang='lat'><em>.</em></span> 
     </span>
     <span class='ocr_line' id='line_1_12' title="bbox 237 1752 993 1814; baseline 0 0"><span class='ocrx_word' id='word_1_65' title='bbox 237 1771 322 1814; x_wconf 86' lang='lat' dir='ltr'><strong>eum.</strong></span> <span class='ocrx_word' id='word_1_66' title='bbox 350 1753 435 1814; x_wconf 96' lang='lat' dir='ltr'><strong>Veni</strong></span> <span class='ocrx_word' id='word_1_67' title='bbox 456 1753 598 1813; x_wconf 86' lang='lat' dir='ltr'>Domine</span> <span class='ocrx_word' id='word_1_68' title='bbox 620 1761 652 1814; x_wconf 92' lang='lat' dir='ltr'><strong>et</strong></span> <span class='ocrx_word' id='word_1_69' title='bbox 673 1752 739 1814; x_wconf 94' lang='lat' dir='ltr'><strong>noli</strong></span> <span class='ocrx_word' id='word_1_70' title='bbox 762 1753 906 1814; x_wconf 89' lang='lat' dir='ltr'><strong>tardare:</strong></span> <span class='ocrx_word' id='word_1_71' title='bbox 929 1755 993 1814; x_wconf 90' lang='lat' dir='ltr'><strong>Do·</strong></span> 
     </span>
     <span class='ocr_line' id='line_1_13' title="bbox 236 1850 993 1913; baseline 0.003 -2"><span class='ocrx_word' id='word_1_72' title='bbox 236 1851 325 1913; x_wconf 84' lang='lat' dir='ltr'><strong>mine</strong></span> <span class='ocrx_word' id='word_1_73' title='bbox 347 1852 386 1912; x_wconf 88' lang='lat' dir='ltr'><strong>ad</strong></span> <span class='ocrx_word' id='word_1_74' title='bbox 401 1851 619 1911; x_wconf 90' lang='lat' dir='ltr'><strong>adiuvandum</strong></span> <span class='ocrx_word' id='word_1_75' title='bbox 635 1867 688 1910; x_wconf 92' lang='lat' dir='ltr'><strong>me</strong></span> <span class='ocrx_word' id='word_1_76' title='bbox 704 1850 833 1912; x_wconf 89' lang='lat' dir='ltr'><strong>festina.</strong></span> <span class='ocrx_word' id='word_1_77' title='bbox 864 1850 993 1913; x_wconf 80' lang='lat' dir='ltr'><strong>Adiuva</strong></span> 
     </span>
     <span class='ocr_line' id='line_1_14' title="bbox 235 1948 992 2010; baseline 0 0"><span class='ocrx_word' id='word_1_78' title='bbox 235 1966 288 2010; x_wconf 87' lang='lat' dir='ltr'><strong>me</strong></span> <span class='ocrx_word' id='word_1_79' title='bbox 311 1950 386 2009; x_wconf 90' lang='lat' dir='ltr'><strong>lesu</strong></span> <span class='ocrx_word' id='word_1_80' title='bbox 407 1950 510 2008; x_wconf 90' lang='lat' dir='ltr'><strong>bone:</strong></span> <span class='ocrx_word' id='word_1_81' title='bbox 532 1957 564 2008; x_wconf 92' lang='lat' dir='ltr'><strong>et</strong></span> <span class='ocrx_word' id='word_1_82' title='bbox 586 1949 676 2009; x_wconf 89' lang='lat' dir='ltr'><strong>salva</strong></span> <span class='ocrx_word' id='word_1_83' title='bbox 696 1948 759 2009; x_wconf 90' lang='lat' dir='ltr'><strong>erit</strong></span> <span class='ocrx_word' id='word_1_84' title='bbox 779 1948 888 2009; x_wconf 89' lang='lat' dir='ltr'><strong>anima</strong></span> <span class='ocrx_word' id='word_1_85' title='bbox 909 1967 992 2010; x_wconf 89' lang='lat' dir='ltr'><strong>mea.</strong></span> 
     </span>
     <span class='ocr_line' id='line_1_15' title="bbox 236 2045 993 2123; baseline 0.001 -15"><span class='ocrx_word' id='word_1_86' title='bbox 236 2046 359 2108; x_wconf 89' lang='lat' dir='ltr'><strong>Servus</strong></span> <span class='ocrx_word' id='word_1_87' title='bbox 380 2056 456 2107; x_wconf 91' lang='lat' dir='ltr'><strong>tuus</strong></span> <span class='ocrx_word' id='word_1_88' title='bbox 478 2063 551 2106; x_wconf 94' lang='lat' dir='ltr'><strong>sum</strong></span> <span class='ocrx_word' id='word_1_89' title='bbox 574 2063 650 2123; x_wconf 83' lang='lat' dir='ltr'><strong>eg03</strong></span> <span class='ocrx_word' id='word_1_90' title='bbox 672 2046 712 2106; x_wconf 88' lang='lat' dir='ltr'><strong>da</strong></span> <span class='ocrx_word' id='word_1_91' title='bbox 733 2045 813 2106; x_wconf 92' lang='lat' dir='ltr'><strong>mihi</strong></span> <span class='ocrx_word' id='word_1_92' title='bbox 834 2046 993 2109; x_wconf 89' lang='lat' dir='ltr'><strong>auxilium</strong></span> 
     </span>
     <span class='ocr_line' id='line_1_16' title="bbox 201 2143 994 2222; baseline 0 -17"><span class='ocrx_word' id='word_1_93' title='bbox 201 2144 354 2222; x_wconf 82' lang='lat' dir='ltr'><strong>rsgratiae</strong></span> <span class='ocrx_word' id='word_1_94' title='bbox 376 2154 467 2205; x_wconf 84' lang='lat' dir='ltr'><strong>tuae:</strong></span> <span class='ocrx_word' id='word_1_95' title='bbox 490 2152 522 2204; x_wconf 85' lang='lat' dir='ltr'><strong>et</strong></span> <span class='ocrx_word' id='word_1_96' title='bbox 542 2144 627 2204; x_wconf 90' lang='lat' dir='ltr'><strong>bene</strong></span> <span class='ocrx_word' id='word_1_97' title='bbox 642 2143 722 2204; x_wconf 92' lang='lat' dir='ltr'><strong>mihi</strong></span> <span class='ocrx_word' id='word_1_98' title='bbox 746 2143 809 2204; x_wconf 88' lang='lat' dir='ltr'><strong>cito</strong></span> <span class='ocrx_word' id='word_1_99' title='bbox 826 2143 898 2204; x_wconf 88' lang='lat' dir='ltr'><strong>erit.</strong></span> <span class='ocrx_word' id='word_1_100' title='bbox 928 2146 994 2205; x_wconf 90' lang='lat' dir='ltr'><strong>Do-</strong></span> 
     </span>
     <span class='ocr_line' id='line_1_17' title="bbox 234 2241 1069 2328; baseline 0 -25"><span class='ocrx_word' id='word_1_101' title='bbox 234 2242 323 2303; x_wconf 89' lang='lat' dir='ltr'>mine</span> <span class='ocrx_word' id='word_1_102' title='bbox 338 2243 471 2319; x_wconf 84' lang='lat' dir='ltr'><strong>dignare</strong></span> <span class='ocrx_word' id='word_1_103' title='bbox 482 2258 557 2301; x_wconf 92' lang='lat' dir='ltr'><strong>esse</strong></span> <span class='ocrx_word' id='word_1_104' title='bbox 568 2258 712 2302; x_wconf 87' lang='lat' dir='ltr'><strong>mecum:</strong></span> <span class='ocrx_word' id='word_1_105' title='bbox 728 2250 760 2301; x_wconf 92' lang='lat' dir='ltr'><strong>et</strong></span> <span class='ocrx_word' id='word_1_106' title='bbox 775 2258 836 2318; x_wconf 86' lang='lat' dir='ltr'><strong>ego</strong></span> <span class='ocrx_word' id='word_1_107' title='bbox 851 2241 995 2303; x_wconf 85' lang='lat' dir='ltr'><strong>libenter</strong></span> <span class='ocrx_word' id='word_1_108' title='bbox 1068 2295 1069 2328; x_wconf 38' lang='lat'>2</span> 
     </span>
     <span class='ocr_line' id='line_1_18' title="bbox 234 2329 1069 2416; baseline 0.002 -16"><span class='ocrx_word' id='word_1_109' title='bbox 234 2341 308 2400; x_wconf 94' lang='lat' dir='ltr'><strong>volo</strong></span> <span class='ocrx_word' id='word_1_110' title='bbox 331 2357 406 2400; x_wconf 88' lang='lat' dir='ltr'><strong>esse</strong></span> <span class='ocrx_word' id='word_1_111' title='bbox 427 2349 547 2401; x_wconf 88' lang='lat' dir='ltr'><strong>tecum.</strong></span> <span class='ocrx_word' id='word_1_112' title='bbox 583 2339 725 2400; x_wconf 90' lang='lat' dir='ltr'><strong>Domine</strong></span> <span class='ocrx_word' id='word_1_113' title='bbox 742 2348 875 2416; x_wconf 89' lang='lat' dir='ltr'><strong>propter</strong></span> <span class='ocrx_word' id='word_1_114' title='bbox 895 2349 928 2400; x_wconf 92' lang='lat' dir='ltr'><strong>te</strong></span> <span class='ocrx_word' id='word_1_115' title='bbox 944 2340 994 2402; x_wconf 91' lang='lat' dir='ltr'><strong>in·</strong></span> <span class='ocrx_word' id='word_1_116' title='bbox 1068 2329 1069 2332; x_wconf 27' lang='lat'>¹</span> 
     </span>
     <span class='ocr_line' id='line_1_19' title="bbox 234 2437 994 2516; baseline 0.001 -18"><span class='ocrx_word' id='word_1_117' title='bbox 234 2437 317 2514; x_wconf 90' lang='lat' dir='ltr'><strong>cepi,</strong></span> <span class='ocrx_word' id='word_1_118' title='bbox 332 2448 465 2514; x_wconf 89' lang='lat' dir='ltr'><strong>propter</strong></span> <span class='ocrx_word' id='word_1_119' title='bbox 479 2447 511 2497; x_wconf 92' lang='lat' dir='ltr'><strong>te</strong></span> <span class='ocrx_word' id='word_1_120' title='bbox 526 2437 684 2498; x_wconf 91' lang='lat' dir='ltr'><strong>mundum</strong></span> <span class='ocrx_word' id='word_1_121' title='bbox 701 2438 836 2516; x_wconf 83' lang='lat' dir='ltr'><strong>reliqui3</strong></span> <span class='ocrx_word' id='word_1_122' title='bbox 857 2448 994 2515; x_wconf 91' lang='lat' dir='ltr'><strong>propter</strong></span> 
     </span>
     <span class='ocr_line' id='line_1_20' title="bbox 233 2534 994 2613; baseline 0.005 -19"><span class='ocrx_word' id='word_1_123' title='bbox 233 2544 265 2595; x_wconf 92' lang='lat' dir='ltr'><strong>te</strong></span> <span class='ocrx_word' id='word_1_124' title='bbox 287 2534 391 2611; x_wconf 88' lang='lat' dir='ltr'><strong>patior</strong></span> <span class='ocrx_word' id='word_1_125' title='bbox 413 2535 644 2610; x_wconf 84' lang='lat' dir='ltr'><strong>temptationes</strong></span> <span class='ocrx_word' id='word_1_126' title='bbox 673 2535 769 2612; x_wconf 90' lang='lat' dir='ltr'><strong>istas,</strong></span> <span class='ocrx_word' id='word_1_127' title='bbox 796 2546 931 2613; x_wconf 84' lang='lat' dir='ltr'><strong>propter</strong></span> <span class='ocrx_word' id='word_1_128' title='bbox 960 2547 994 2598; x_wconf 87' lang='lat' dir='ltr'><strong>te</strong></span> 
     </span>
     <span class='ocr_line' id='line_1_21' title="bbox 197 2633 994 2711; baseline -0.001 -14"><span class='ocrx_word' id='word_1_129' title='bbox 197 2635 364 2711; x_wconf 82' lang='lat' dir='ltr'><strong>aosuscepi</strong></span> <span class='ocrx_word' id='word_1_130' title='bbox 387 2635 516 2695; x_wconf 86' lang='lat' dir='ltr'><strong>labores</strong></span> <span class='ocrx_word' id='word_1_131' title='bbox 536 2633 635 2694; x_wconf 88' lang='lat' dir='ltr'><strong>istos:</strong></span> <span class='ocrx_word' id='word_1_132' title='bbox 659 2642 792 2711; x_wconf 90' lang='lat' dir='ltr'><strong>propter</strong></span> <span class='ocrx_word' id='word_1_133' title='bbox 812 2643 845 2694; x_wconf 89' lang='lat' dir='ltr'><strong>te</strong></span> <span class='ocrx_word' id='word_1_134' title='bbox 867 2635 994 2696; x_wconf 90' lang='lat' dir='ltr'><strong>morior</strong></span> 
     </span>
     <span class='ocr_line' id='line_1_22' title="bbox 233 2732 994 2808; baseline 0.003 -15"><span class='ocrx_word' id='word_1_135' title='bbox 233 2742 299 2794; x_wconf 89' lang='lat' dir='ltr'><strong>tota</strong></span> <span class='ocrx_word' id='word_1_136' title='bbox 320 2732 383 2808; x_wconf 85' lang='lat' dir='ltr'><strong>die,</strong></span> <span class='ocrx_word' id='word_1_137' title='bbox 404 2741 537 2808; x_wconf 85' lang='lat' dir='ltr'><strong>propter</strong></span> <span class='ocrx_word' id='word_1_138' title='bbox 558 2741 589 2791; x_wconf 86' lang='lat' dir='ltr'><strong>te</strong></span> <span class='ocrx_word' id='word_1_139' title='bbox 605 2732 795 2794; x_wconf 84' lang='lat' dir='ltr'><strong>aestimatus</strong></span> <span class='ocrx_word' id='word_1_140' title='bbox 810 2750 884 2793; x_wconf 94' lang='lat' dir='ltr'><strong>sum</strong></span> <span class='ocrx_word' id='word_1_141' title='bbox 905 2733 994 2795; x_wconf 90' lang='lat' dir='ltr'><strong>sicut</strong></span> 
     </span>
     <span class='ocr_line' id='line_1_23' title="bbox 233 2829 993 2908; baseline 0.001 -17"><span class='ocrx_word' id='word_1_142' title='bbox 233 2831 352 2891; x_wconf 90' lang='lat' dir='ltr'><strong>stultus</strong></span> <span class='ocrx_word' id='word_1_143' title='bbox 368 2839 400 2890; x_wconf 90' lang='lat' dir='ltr'><strong>et</strong></span> <span class='ocrx_word' id='word_1_144' title='bbox 414 2829 540 2890; x_wconf 91' lang='lat' dir='ltr'><strong>inutilis</strong></span> <span class='ocrx_word' id='word_1_145' title='bbox 555 2830 671 2906; x_wconf 94' lang='lat' dir='ltr'><strong>homo;</strong></span> <span class='ocrx_word' id='word_1_146' title='bbox 685 2840 861 2908; x_wconf 89' lang='lat' dir='ltr'><strong>propterte</strong></span> <span class='ocrx_word' id='word_1_147' title='bbox 871 2849 993 2908; x_wconf 89' lang='lat' dir='ltr'><strong>arguor</strong></span> 
     </span>
     <span class='ocr_line' id='line_1_24' title="bbox 233 2928 992 3014; baseline 0 -25"><span class='ocrx_word' id='word_1_148' title='bbox 233 2938 265 2989; x_wconf 91' lang='lat' dir='ltr'><strong>et</strong></span> <span class='ocrx_word' id='word_1_149' title='bbox 287 2928 446 3014; x_wconf 88' lang='lat' dir='ltr'><strong>corrigor:</strong></span> <span class='ocrx_word' id='word_1_150' title='bbox 475 2935 608 3003; x_wconf 86' lang='lat' dir='ltr'><strong>propter</strong></span> <span class='ocrx_word' id='word_1_151' title='bbox 634 2936 667 2987; x_wconf 89' lang='lat' dir='ltr'><strong>te</strong></span> <span class='ocrx_word' id='word_1_152' title='bbox 695 2945 794 3005; x_wconf 84' lang='lat' dir='ltr'><strong>surgo</strong></span> <span class='ocrx_word' id='word_1_153' title='bbox 823 2937 856 2989; x_wconf 92' lang='lat' dir='ltr'><strong>et</strong></span> <span class='ocrx_word' id='word_1_154' title='bbox 884 2939 992 3004; x_wconf 89' lang='lat' dir='ltr'><strong>canto,</strong></span> 
     </span>
     <span class='ocr_line' id='line_1_25' title="bbox 232 3024 991 3102; baseline 0 -17"><span class='ocrx_word' id='word_1_155' title='bbox 232 3034 365 3102; x_wconf 90' lang='lat' dir='ltr'><strong>propter</strong></span> <span class='ocrx_word' id='word_1_156' title='bbox 392 3035 423 3086; x_wconf 92' lang='lat' dir='ltr'><strong>te</strong></span> <span class='ocrx_word' id='word_1_157' title='bbox 452 3024 563 3085; x_wconf 91' lang='lat' dir='ltr'><strong>ieiuno</strong></span> <span class='ocrx_word' id='word_1_158' title='bbox 593 3032 624 3085; x_wconf 87' lang='lat' dir='ltr'><strong>et</strong></span> <span class='ocrx_word' id='word_1_159' title='bbox 651 3025 768 3101; x_wconf 85' lang='lat' dir='ltr'><strong>vigilo,</strong></span> <span class='ocrx_word' id='word_1_160' title='bbox 795 3034 930 3102; x_wconf 89' lang='lat' dir='ltr'><strong>propter</strong></span> <span class='ocrx_word' id='word_1_161' title='bbox 959 3034 991 3085; x_wconf 88' lang='lat' dir='ltr'><strong>te</strong></span> 
     </span>
     <span class='ocr_line' id='line_1_26' title="bbox 195 3122 990 3199; baseline -0.003 -15"><span class='ocrx_word' id='word_1_162' title='bbox 195 3123 342 3186; x_wconf 81' lang='lat' dir='ltr'><strong>zslaboro</strong></span> <span class='ocrx_word' id='word_1_163' title='bbox 354 3131 385 3182; x_wconf 90' lang='lat' dir='ltr'><strong>et</strong></span> <span class='ocrx_word' id='word_1_164' title='bbox 396 3122 827 3199; x_wconf 84' lang='lat' dir='ltr'><strong>scrib03proptertecellam</strong></span> <span class='ocrx_word' id='word_1_165' title='bbox 839 3123 990 3184; x_wconf 91' lang='lat' dir='ltr'><strong>custodio</strong></span> 
     </span>
     <span class='ocr_line' id='line_1_27' title="bbox 231 3219 989 3297; baseline 0 -17"><span class='ocrx_word' id='word_1_166' title='bbox 231 3230 264 3281; x_wconf 96' lang='lat' dir='ltr'><strong>et</strong></span> <span class='ocrx_word' id='word_1_167' title='bbox 278 3229 381 3296; x_wconf 89' lang='lat' dir='ltr'><strong>taceo,</strong></span> <span class='ocrx_word' id='word_1_168' title='bbox 395 3230 528 3297; x_wconf 87' lang='lat' dir='ltr'><strong>propter</strong></span> <span class='ocrx_word' id='word_1_169' title='bbox 542 3229 574 3280; x_wconf 89' lang='lat' dir='ltr'><strong>te</strong></span> <span class='ocrx_word' id='word_1_170' title='bbox 590 3219 699 3280; x_wconf 91' lang='lat' dir='ltr'><strong>omnia</strong></span> <span class='ocrx_word' id='word_1_171' title='bbox 710 3237 769 3297; x_wconf 89' lang='lat' dir='ltr'><strong>ago</strong></span> <span class='ocrx_word' id='word_1_172' title='bbox 780 3229 813 3280; x_wconf 85' lang='lat' dir='ltr'><strong>et</strong></span> <span class='ocrx_word' id='word_1_173' title='bbox 822 3220 989 3281; x_wconf 86' lang='lat' dir='ltr'><strong>sustineo:</strong></span> 
     </span>
     <span class='ocr_line' id='line_1_28' title="bbox 232 3315 990 3395; baseline 0 -17"><span class='ocrx_word' id='word_1_174' title='bbox 232 3317 308 3395; x_wconf 91' lang='lat' dir='ltr'><strong>quia</strong></span> <span class='ocrx_word' id='word_1_175' title='bbox 329 3326 363 3378; x_wconf 96' lang='lat' dir='ltr'><strong>tu</strong></span> <span class='ocrx_word' id='word_1_176' title='bbox 385 3317 469 3378; x_wconf 92' lang='lat' dir='ltr'><strong>bene</strong></span> <span class='ocrx_word' id='word_1_177' title='bbox 491 3318 609 3395; x_wconf 88' lang='lat' dir='ltr'><strong>dignus</strong></span> <span class='ocrx_word' id='word_1_178' title='bbox 631 3335 668 3378; x_wconf 92' lang='lat' dir='ltr'><strong>es</strong></span> <span class='ocrx_word' id='word_1_179' title='bbox 692 3329 725 3379; x_wconf 87' lang='lat' dir='ltr'><strong>et</strong></span> <span class='ocrx_word' id='word_1_180' title='bbox 740 3315 855 3395; x_wconf 87' lang='lat' dir='ltr'><strong>&#39;largus</strong></span> <span class='ocrx_word' id='word_1_181' title='bbox 876 3319 917 3378; x_wconf 89' lang='lat' dir='ltr'><strong>ad</strong></span> <span class='ocrx_word' id='word_1_182' title='bbox 940 3335 990 3378; x_wconf 94' lang='lat' dir='ltr'><strong>re·</strong></span> 
     </span>
     <span class='ocr_line' id='line_1_29' title="bbox 231 3414 989 3492; baseline 0 -18"><span class='ocrx_word' id='word_1_183' title='bbox 231 3414 439 3475; x_wconf 91' lang='lat' dir='ltr'><strong>tribuendum</strong></span> <span class='ocrx_word' id='word_1_184' title='bbox 462 3416 542 3476; x_wconf 90' lang='lat' dir='ltr'><strong>mihi</strong></span> <span class='ocrx_word' id='word_1_185' title='bbox 564 3416 598 3477; x_wconf 95' lang='lat' dir='ltr'><strong>in</strong></span> <span class='ocrx_word' id='word_1_186' title='bbox 620 3425 767 3492; x_wconf 85' lang='lat' dir='ltr'><strong>tempore</strong></span> <span class='ocrx_word' id='word_1_187' title='bbox 786 3415 843 3476; x_wconf 94' lang='lat' dir='ltr'><strong>tibi</strong></span> <span class='ocrx_word' id='word_1_188' title='bbox 859 3415 989 3491; x_wconf 88' lang='lat' dir='ltr'><strong>placito.</strong></span> 
     </span>
    </p>
   </div>
   <div class='ocr_carea' id='block_1_6' title="bbox 231 3511 990 3658">
    <p class='ocr_par' dir='ltr' id='par_1_6' title="bbox 231 3511 990 3658">
     <span class='ocr_line' id='line_1_30' title="bbox 231 3511 990 3590; baseline 0 -18"><span class='ocrx_word' id='word_1_189' title='bbox 231 3511 373 3572; x_wconf 87' lang='lat' dir='ltr'><strong>Domine</strong></span> <span class='ocrx_word' id='word_1_190' title='bbox 395 3514 526 3590; x_wconf 87' lang='lat' dir='ltr'><strong>suscipe</strong></span> <span class='ocrx_word' id='word_1_191' title='bbox 542 3531 674 3574; x_wconf 85' lang='lat' dir='ltr'><strong>servum</strong></span> <span class='ocrx_word' id='word_1_192' title='bbox 692 3523 784 3574; x_wconf 90' lang='lat' dir='ltr'><strong>tuum</strong></span> <span class='ocrx_word' id='word_1_193' title='bbox 800 3513 833 3574; x_wconf 95' lang='lat' dir='ltr'><strong>in</strong></span> <span class='ocrx_word' id='word_1_194' title='bbox 848 3515 990 3575; x_wconf 86' lang='lat' dir='ltr'><strong>bonum:</strong></span> 
     </span>
     <span class='ocr_line' id='line_1_31' title="bbox 587 3617 627 3658; baseline 0.025 -1"><span class='ocrx_word' id='word_1_195' title='bbox 587 3617 627 3658; x_wconf 72' lang='lat' dir='ltr'><strong>rao</strong></span> 
     </span>
    </p>
   </div>
   <div class='ocr_carea' id='block_1_7' title="bbox 0 0 1094 4186">
    <p class='ocr_par' dir='ltr' id='par_1_7' title="bbox 0 0 1094 4186">
     <span class='ocr_line' id='line_1_32' title="bbox 0 0 1094 4186; baseline 0 1"><span class='ocrx_word' id='word_1_196' title='bbox 0 0 1094 4186; x_wconf 95' lang='lat' dir='ltr'><strong> </strong></span> 
     </span>
    </p>
   </div>
  </div>
 </body>
</html>
