2142 4194
233 464 353 516 mm
392 464 430 505 oe
446 463 626 506 inlrnrloue
641 463 765 506 cumsm
783 464 832 506 125
870 465 995 517 {edati-l

236 597 320 656 fecte
352 613 467 672 sapere
498 596 628 672 incipit:
664 607 741 657 tunc
778 597 874 658 etiam
906 599 995 658 bene
1059 627 1060 636 κ

235 702 409 753 contentus
441 693 481 754 de
510 695 598 758 omni
629 704 749 755 eventu
778 712 887 756 rerum
920 697 996 756 erit.

235 789 326 851 Tunc
348 808 410 851 nec
432 809 490 867 pro
513 811 630 870 magno
656 793 828 854 laetabitur
848 810 910 853 nec
935 811 996 870 pro

235 887 364 948 modico
393 890 654 951 contristabitur:
683 891 742 951 sed
770 891 861 968 ponit
885 909 922 952 se
948 893 997 953 in·

212 994 325 1063 stegre
354 995 387 1046 et
416 986 611 1047 fiducialiter
639 987 671 1046 in
695 987 767 1047 Deo
796 987 851 1064 qui
881 998 935 1048 est
965 989 996 1049 ei

234 1083 343 1143 omnia
358 1083 391 1142 in
407 1083 577 1160 omnibus:
599 1083 651 1144 cui
671 1084 753 1144 nihil
770 1085 883 1161 utique
898 1086 997 1161 perit,

233 1197 296 1241 nec
318 1181 471 1241 moritur:
496 1181 555 1242 sed
576 1181 687 1241 omnia
708 1182 738 1242 ei
760 1183 876 1243 vivunt
898 1193 933 1244 et
956 1185 997 1245 ad

234 1279 798 1341 nutumincunctanterdeserviunt.
821 1281 996 1343 Memento
1034 1342 1038 1352 ,

234 1393 365 1453 semper
388 1377 479 1438 finis:
502 1386 534 1438 et
555 1377 633 1454 quia
647 1377 810 1454 perditum
826 1394 892 1438 non
909 1379 997 1440 redit

200 1485 374 1551 rotempus.
417 1474 496 1536 Sine
524 1475 746 1536 sollicitudine
770 1484 802 1536 et
824 1475 998 1552 diligentia

234 1589 412 1649 numquam
442 1573 594 1650 acquires
622 1573 770 1634 virtutes.
813 1572 847 1633 Si
871 1573 997 1651 incipis

234 1679 421 1747 tepescere:
437 1671 576 1748 incipies
587 1672 671 1731 male
682 1672 813 1733 habere.
836 1669 869 1732 Si
882 1681 996 1732 autem
1062 1673 1063 1678 ’

234 1769 365 1829 dederis
380 1778 412 1829 te
427 1769 466 1829 ad
483 1769 657 1845 fervorem,
674 1769 826 1832 invenies
841 1785 996 1846 magnam

234 1883 367 1943 pacem;
405 1876 438 1928 et
474 1867 600 1928 senties
635 1867 793 1928 leviorem
829 1867 997 1929 laborem:
1063 1929 1064 1942 ,

200 1974 366 2041 rspropter
388 1965 450 2024 Dei
472 1967 606 2042 gratiam
630 1975 661 2026 et
683 1964 814 2026 virtutis
835 1981 997 2026 amorem.

236 2062 344 2122 Homo
367 2061 514 2122 fervidus
536 2073 568 2123 et
584 2062 739 2139 diligens:
761 2062 929 2123 adomnia
946 2074 998 2125 est
1064 2092 1065 2150 p

234 2169 375 2237 paratus.
412 2159 519 2219 Maior
540 2160 631 2220 labor
652 2168 703 2219 est
725 2159 880 2220 resistere
903 2161 998 2221 vitiis

235 2267 267 2317 et
298 2257 523 2334 passionibus:
559 2274 655 2334 quarn
689 2257 914 2333 corporalibus
948 2260 998 2321 in·

235 2356 353 2416 sudare
376 2355 552 2417 laboribus.
595 2354 661 2432 Qui
684 2372 803 2431 parvos
824 2371 890 2414 non
914 2356 999 2418 vitat

198 2454 403 2515 aodelectus:
435 2453 589 2530 paulatim
620 2452 740 2513 labitur
769 2453 808 2513 ad
839 2452 997 2514 maiores

236 2551 407 2614 Gaudebis
422 2567 554 2627 semper
563 2566 716 2626 vespere:
733 2550 761 2610 si
773 2549 859 2610 diem
871 2567 999 2626 expen-

236 2650 293 2710 das
323 2649 500 2708 fructuose.
543 2647 650 2724 Vigila
678 2664 779 2723 super
806 2658 838 2707 te
866 2647 998 2723 ipsum:

235 2747 341 2808 excita
369 2755 401 2806 te
423 2745 548 2821 ipsum,
577 2744 716 2804 admone
745 2753 776 2804 te
805 2744 933 2822 ipsum;
965 2759 999 2809 et

236 2842 998 2922 quidquiddealiissit:nonneglegasteipsum.

199 2941 373 3003 rsTantum
396 2940 565 3017 proficies:
588 2950 745 3018 quantum
766 2941 822 3001 tibi
839 2940 902 3018 ipsi
926 2944 997 3004 vim

236 3039 396 3101 intuleris.
437 3038 555 3099 Amen.

330 3195 541 3245 EXPLlClVNT
559 3195 832 3246 ADMONITIONES
850 3195 898 3244 Ab

358 3275 592 3326 SPIRITVALEM
610 3275 721 3325 VITAM
739 3275 870 3325 VTILES.

574 3427 655 3483 W

601 3635 629 3676 56
657 3667 659 3676 ,
