2156 4168
393 427 481 473 Indices
496 427 603 472 locorum.

162 575 201 640 C.
224 576 475 642 AVCTORVM
499 578 841 643 PROFANORVM1:

147 726 192 776 7‚a
302 727 394 769 Aristot.
410 726 500 782 Metaph
517 739 536 770 s.
554 726 562 768 1
579 728 597 769 1.

135 780 168 833 12,
183 800 238 828 m„
304 779 382 824 Senec.
399 779 470 834 Epist.
488 739 516 823 13
526 783 598 824 extr.¹

132 833 168 886 23,
205 866 210 876 .
304 831 373 876 Ovid.
390 834 481 878 Remed.
497 846 541 877 am.
555 835 589 876 91.

204 919 210 930 .
304 886 382 930 Senec.
399 887 471 941 Epist.
486 889 507 930 7.

303 940 385 994 Vergil.
403 941 480 984 Bucol.
496 941 515 983 Χ
528 941 563 984 69.

304 993 354 1036 Cic.
372 995 405 1037 De
420 994 488 1038 Ollic.
505 994 536 1037 lll
554 997 573 1048 i,
587 997 608 1037 3.

304 1047 435 1091 Pseudocic.
452 1048 523 1102 Epist.
542 1050 569 1091 ad
584 1048 733 1091 Octavianum
749 1049 769 1091 8.

119 1101 169 1154 191,
184 1121 238 1150 Μ
305 1101 386 1144 Lucan.
402 1102 504 1144 Pharsal.
521 1102 530 1143 1
546 1103 591 1145 135.

117 1155 192 1207 211„
305 1155 400 1210 Dionys.
416 1155 481 1198 Cato.

117 1209 169 1261 245,
183 1229 238 1256 vbi!
304 1209 382 1252 Hom.
400 1209 433 1252 De
447 1210 494 1252 Art.
511 1209 572 1252 Poet.
587 1210 621 1252 25.

118 1385 200 1439 libros,
215 1383 357 1440 quossupra
372 1388 484 1430 nominavi
512 1399 556 1428 non
571 1386 655 1429 irustra
669 1389 801 1441 inspectabit
816 1389 878 1432 libel·

119 1439 181 1491 lum,
200 1442 238 1493 qui
253 1442 287 1482 sic
307 1441 449 1484 inscribitur:
470 1416 558 1483 nlusica
575 1441 728 1484 eccleslastlca
746 1445 796 1486 sine
814 1445 877 1486 vocis

119 1494 207 1545 signis3
222 1505 262 1537 seu
278 1493 305 1536 de
320 1493 392 1536 lorma
406 1496 492 1548 poetica
507 1494 615 1536 librorum
626 1497 664 1548 qui
680 1497 833 1539 inscribuntur
844 1497 878 1538 De

119 1548 243 1589 imitatione
265 1546 367 1600 Christi,
390 1548 462 1602 deque
483 1560 560 1590 eorum
584 1557 691 1591 concentu
713 1561 764 1591 cum
784 1552 877 1602 scriptis

118 1598 218 1642 Thomae
233 1613 245 1642 a
258 1599 361 1654 Kempis.
392 1600 423 1642 Ex
438 1610 532 1654 utroque
548 1601 608 1643 ionte
623 1601 684 1644 locos
700 1603 819 1655 parallelos
833 1605 877 1645 col·

119 1653 173 1705 legit
191 1665 216 1695 ac
235 1655 292 1696 inter
311 1665 336 1696 se
352 1657 488 1707 comparavit
505 1654 560 1696 Lud.
576 1654 785 1750 Peterswpresbyt.
805 1657 876 1700 dioec.

120 1706 335 1750 Ruraemondensls.
353 1708 454 1760 Lugduni
467 1707 608 1750 Batavorum.
628 1707 644 1750 1.
707 1721 750 1751 van
762 1709 875 1752 Leeuwen.

120 1758 275 1812 Hoogcwoerd
289 1761 322 1802 89.
346 1762 405 1804 1901.
428 1761 458 1803 8⁰.
483 1762 521 1803 100
535 1773 573 1815 pp.

162 1821 247 1864 ¹Cave
265 1822 375 1864 Thomam
394 1835 486 1876 omnes,
508 1835 565 1877 quos
587 1836 657 1877 supra
677 1824 754 1878 attuli,
776 1834 877 1870 auctores

118 1874 227 1928 prolanos
243 1877 326 1930 legisse
340 1885 418 1930 putes3
439 1879 508 1918 immo
523 1877 585 1919 locos
605 1877 657 1920 iilos
672 1879 792 1922 electione
807 1881 877 1934 scrip·

117 1938 193 1971 torum
208 1930 411 1972 ecclesiasticorum
426 1933 517 1984 petivit,
532 1932 570 1984 qui
586 1932 630 1984 ipsi
646 1943 658 1973 e
673 1932 788 1984 florilegiis
804 1933 878 1976 medio

117 1995 174 2024 aevo
189 1984 268 2036 pervul
296 1986 326 2026 tls
341 1984 402 2026 velut
415 1997 427 2026 e
439 1984 498 2026 Dion
514 1985 550 2026 sio
561 1984 646 2027 Catone
661 1993 682 2027 et
696 1987 803 2039 operibus
812 1988 876 2029 Alani

119 2036 150 2131 {ig
160 2035 269 2132 ltnsulis(
295 2040 344 2091 igne
360 2037 385 2080 P.
404 2038 427 2080 l..
444 2036 487 2079 CC
507 2039 515 2090 )
531 2038 600 2080 multa
615 2039 720 2081 hausisse
734 2041 877 2083 existimandi

152 2103 165 2131 n
177 2121 183 2133 ,
731 2113 732 2118 ,

163 2154 172 2181 ²
192 2152 241 2195 Cir.
264 2152 403 2207 Stepltinsky
427 2155 449 2196 in
473 2153 757 2207 Historisen-poittisohen
780 2155 877 2199 Blittern

122 2205 241 2250 cxxxvii
256 2207 326 2260 (1881)
340 2207 381 2249 243
390 2219 425 2260 sq.

417 2469 590 2533 Corrigenda:

163 2596 186 2640 p.
201 2587 241 2628 tsi
256 2594 301 2628 not.
319 2588 327 2628 1
344 2587 403 2640 lege:
422 2599 444 2641 p.
458 2587 494 2630 94.
511 2588 557 2630 146.

163 2652 186 2693 p.
201 2641 242 2683 459
258 2642 383 2695 scripturae
401 2642 482 2694 optulit
501 2650 522 2684 et
540 2653 637 2694 oppone,
659 2653 715 2694 quas
734 2642 757 2683 in
775 2649 877 2684 contextu

120 2695 220 2746 servavi,
231 2702 346 2735 nouerant
357 2696 380 2735 in
391 2706 484 2736 numero
494 2707 651 2749 perversarum
662 2695 876 2738 commemorandae.

163 2759 185 2800 p.
201 2747 241 2789 462
255 2760 276 2789 v.
291 2747 305 2787 2
318 2748 345 2789 ab
360 2747 418 2789 inira
433 2748 491 2801 lege:
508 2748 601 2790 Psalmi.

163 2812 186 2853 p.
207 2800 247 2842 467
271 2813 311 2854 pro
334 2800 373 2842 iz
412 2802 436 2843 19
471 2803 485 2843 5
520 2802 548 2844 24
586 2803 607 2844 11
634 2802 747 2856 (paginula
768 2803 793 2854 v)
817 2802 877 2854 lege:

119 2853 160 2896 A2
187 2854 212 2895 41
243 2855 268 2895 ib
293 2855 321 2895 33
346 2854 381 2896 21.

162 2905 230 2962 Quod
245 2919 267 2961 p.
280 2907 321 2948 496
335 2909 362 2950 ad
375 2909 424 2961 301,
439 2927 459 2956 24
473 2907 581 2951 'rhomam
596 2910 726 2962 suspicatus
741 2921 792 2950 sum
807 2911 878 2962 scrip·

119 2963 182 3002 sisse
196 2961 232 3002 vel
247 2962 318 3012 altra,
338 2961 360 3003 ld
375 2963 418 3004 iam
434 2974 513 3015 parum
532 2963 646 3017 probabile
664 2963 718 3004 mihi
739 2962 828 3004 vldetur
842 2974 877 3004 ex-

119 3015 221 3068 emplum
236 3011 259 3057 u'l
273 3027 314 3068 pro
324 3016 359 3056 vel
369 3027 409 3068 per
418 3016 575 3069 compendium
587 3018 664 3070 scripti
680 3018 702 3058 ln
716 3017 794 3058 lexicis
805 3015 877 3069 diplo-

120 3070 209 3111 matlcis
224 3080 269 3110 non
283 3077 357 3111 extare
371 3072 489 3123 reputanti.
