2178 4186
100 465 263 518 &m
311 465 350 507 DE
365 464 572 509 Montlllcm
585 465 653 509 VITA
700 467 861 520 &ww

101 598 146 659 ibi
169 616 223 659 me
244 599 356 675 perdo.
392 599 454 660 Vbi
477 616 530 660 me
552 599 660 676 ipsum
682 601 859 677 praetendo

102 697 141 756 ad
164 697 388 757 commodum:
411 696 454 756 ibi
477 714 531 758 me
553 698 656 759 laedo.
687 698 804 759 Adhuc
826 698 858 759 in

101 794 215 855 multis
243 795 347 854 habeo
378 792 458 854 mihi
489 795 553 871 ipsi
582 795 683 856 mori:
713 812 778 856 non
810 806 860 857 est

102 891 182 952 mihi
213 908 286 951 cum
316 907 380 951 una
409 901 513 952 morte
539 892 733 953 laciendum.
776 893 859 953 Volo

101 998 211 1049 autem
234 987 374 1049 libenter
388 988 470 1049 mori
493 976 675 1050 secundum
692 990 881 1067 spiritum:5

102 1085 254 1164 quamvis
293 1103 368 1146 caro
405 1085 448 1145 sit
482 1086 612 1147 infirma
646 1097 678 1149 et
715 1088 858 1149 rebellis.

102 1184 242 1262 Oportet
269 1201 322 1244 me
351 1182 483 1260 saepius
513 1201 611 1261 agere
642 1186 727 1262 quod
757 1186 858 1247 invite

102 1283 262 1343 facerem:
280 1291 311 1341 et
326 1296 424 1357 saepe
439 1279 602 1342 dimittere
618 1284 704 1358 quod
720 1283 860 1344 libenter

101 1395 199 1456 agere
221 1378 350 1439 vellem.
387 1377 426 1438 Et
447 1377 481 1437 in
498 1377 570 1439 istis
585 1388 650 1440 tota
664 1399 772 1458 pugna
787 1399 859 1442 mea

102 1487 134 1538 et
155 1472 291 1539 victoria
313 1475 472 1537 consistit.
515 1476 636 1542 Beatus
659 1478 713 1554 qui
736 1479 769 1538 in
791 1495 895 1538 om-ro

101 1575 199 1635 nibus
214 1591 252 1634 se
266 1573 453 1650 relinquere
469 1572 531 1633 scit
546 1583 578 1634 et
596 1573 761 1652 frangere:
783 1575 859 1652 quia

102 1689 256 1732 coronam
287 1681 439 1733 aeternae
467 1671 554 1731 vitae
574 1689 593 1731 a
615 1673 685 1732 Deo
711 1672 857 1748 accipiet.

102 1769 281 1830 Hominum
318 1768 499 1846 praemium
535 1767 601 1829 vile
636 1779 686 1830 est
720 1780 752 1830 et
787 1789 858 1847 par-

101 1884 179 1928 vum
216 1876 312 1944 atque
348 1865 446 1926 nimis
482 1865 545 1927 cito
581 1867 762 1945 perditum3
799 1869 857 1929 sed

100 1965 186 2042 apud
209 1965 315 2024 Deum
345 1963 426 2023 nibil
455 1973 563 2039 potest
590 1964 708 2025 amitti:
737 1982 798 2025 nec
823 1967 893 2027 ints

101 2072 250 2139 tempore
281 2078 342 2122 nec
373 2060 407 2121 in
437 2061 637 2123 aeternitate.
686 2062 752 2139 Ego
782 2064 857 2122 volo

101 2161 187 2236 apud
218 2159 372 2220 dilectum
405 2158 581 2219 Dominum
613 2169 760 2220 nostrum
792 2178 857 2220 ma·

101 2274 201 2318 nere:
236 2265 379 2316 transeat
413 2272 542 2317 mecum
577 2256 857 2334 qualitercumque

101 2363 219 2431 potest.
244 2353 331 2430 Quia
345 2353 372 2413 si
388 2353 527 2430 deliqui:
542 2354 612 2431 ipse
623 2354 703 2414 mibi
719 2355 858 2416 libenter

102 2452 172 2512 vult
194 2450 380 2527 indulgere3
402 2461 434 2511 et
455 2451 482 2511 si
498 2452 583 2512 bene
598 2451 665 2529 egi:
687 2451 757 2529 ipse
772 2453 892 2513 beneco

101 2548 333 2610 remunerabit.
383 2547 491 2608 Huius
519 2548 566 2608 rei
595 2548 703 2624 ipsum
732 2549 856 2627 accipio

101 2656 232 2708 testem.

143 2744 174 2806 Ο
189 2745 307 2805 dilecte
322 2744 396 2804 lesu
407 2746 470 2804 hoc
481 2742 560 2803 mibi
578 2741 687 2804 lavere
698 2743 856 2821 digneris:

101 2843 179 2921 quia
198 2859 258 2920 ego
274 2841 355 2902 nihil
377 2858 461 2901 sum.
491 2842 584 2902 Bene
598 2859 732 2918 possum
747 2842 787 2901 de
803 2859 856 2903 me

101 2940 275 3018 conqueri,
297 2949 329 3000 et
349 2939 444 2999 valde
466 2956 518 2999 me
541 2939 647 3015 ipsum
670 2939 891 3001 lamentari:2s

101 3038 178 3115 quia
193 3047 321 3115 egomet
336 3054 408 3098 sum
431 3047 534 3098 totum
551 3037 636 3113 quod
652 3053 704 3096 me
721 3036 856 3112 impedit

101 3145 134 3195 et
152 3144 273 3213 gravat,
295 3151 369 3194 cum
385 3144 473 3195 recte
488 3134 611 3211 aspicio
626 3142 658 3194 et
673 3133 855 3193 considero.

10 3245 12 3268 *
102 3232 274 3294 Confiteor
295 3233 376 3307 Deo,
398 3232 484 3308 quod
506 3240 557 3290 est
578 3231 673 3307 culpa
694 3247 776 3290 mea.
817 3230 855 3290 Et

100 3340 222 3406 quanto
249 3329 367 3389 melius
395 3345 447 3388 me
479 3328 616 3388 humilio
647 3337 679 3388 et
708 3327 854 3404 despicio

100 3444 159 3504 pro
181 3427 269 3487 omni
293 3444 390 3487 causa
414 3425 630 3502 impediente,
657 3443 697 3486 eo
726 3424 891 3485 faciliuseo

100 3525 140 3585 ad
155 3526 285 3586 veniam
307 3525 479 3600 pervenio:
501 3534 533 3584 et
554 3540 651 3584 omne
673 3539 757 3583 onus
778 3539 852 3582 cum

457 3629 498 3672 aar
702 3627 746 3670 25·
