<?xml version="1.0" encoding="UTF-8"?>
<!DOCTYPE html PUBLIC "-//W3C//DTD XHTML 1.0 Transitional//EN"
    "http://www.w3.org/TR/xhtml1/DTD/xhtml1-transitional.dtd">
<html xmlns="http://www.w3.org/1999/xhtml" xml:lang="en" lang="en">
 <head>
  <title>
</title>
<meta http-equiv="Content-Type" content="text/html;charset=utf-8" />
  <meta name='ocr-system' content='tesseract 3.04.00' />
  <meta name='ocr-capabilities' content='ocr_page ocr_carea ocr_par ocr_line ocrx_word'/>
</head>
<body>
  <div class='ocr_page' id='page_1' title='image "./thomaehemerkena03pohlgoog_0050.png"; bbox 0 0 2142 4194; ppageno 0'>
   <div class='ocr_carea' id='block_1_1' title="bbox 82 469 843 525">
    <p class='ocr_par' dir='ltr' id='par_1_1' title="bbox 82 469 843 525">
     <span class='ocr_line' id='line_1_1' title="bbox 82 469 843 525; baseline -0.007 1"><span class='ocrx_word' id='word_1_1' title='bbox 82 471 366 525; x_wconf 55' lang='lat' dir='ltr'>memsam</span> <span class='ocrx_word' id='word_1_2' title='bbox 440 471 490 512; x_wconf 74' lang='lat'>11⁴</span> <span class='ocrx_word' id='word_1_3' title='bbox 562 469 843 522; x_wconf 55' lang='lat' dir='ltr'>ramosum</span> 
     </span>
    </p>
   </div>
   <div class='ocr_carea' id='block_1_2' title="bbox 86 671 843 736">
    <p class='ocr_par' dir='ltr' id='par_1_2' title="bbox 86 671 843 736">
     <span class='ocr_line' id='line_1_2' title="bbox 86 671 843 736; baseline -0.003 -2"><span class='ocrx_word' id='word_1_4' title='bbox 86 675 139 734; x_wconf 88' lang='lat' dir='ltr'>DE</span> <span class='ocrx_word' id='word_1_5' title='bbox 155 673 418 735; x_wconf 78' lang='lat' dir='ltr'>TEMERARIO</span> <span class='ocrx_word' id='word_1_6' title='bbox 432 673 616 736; x_wconf 77' lang='lat' dir='ltr'>lvnlclo</span> <span class='ocrx_word' id='word_1_7' title='bbox 632 671 843 734; x_wconf 78' lang='lat' dir='ltr'>VITANDO.</span> 
     </span>
    </p>
   </div>
   <div class='ocr_carea' id='block_1_3' title="bbox 312 854 618 904">
    <p class='ocr_par' dir='ltr' id='par_1_3' title="bbox 312 854 618 904">
     <span class='ocr_line' id='line_1_3' title="bbox 312 854 618 904; baseline -0.007 0"><span class='ocrx_word' id='word_1_8' title='bbox 312 854 518 904; x_wconf 79' lang='lat' dir='ltr'>CAPITVLVM</span> <span class='ocrx_word' id='word_1_9' title='bbox 536 854 618 903; x_wconf 86' lang='lat' dir='ltr'>XIIII.</span> 
     </span>
    </p>
   </div>
   <div class='ocr_carea' id='block_1_4' title="bbox 9 935 882 3511">
    <p class='ocr_par' dir='ltr' id='par_1_4' title="bbox 9 935 882 3511">
     <span class='ocr_line' id='line_1_4' title="bbox 85 935 843 1154; baseline -0.004 -101"><span class='ocrx_word' id='word_1_10' title='bbox 85 935 227 1154; x_wconf 36' lang='lat' dir='ltr'>&amp;D</span> <span class='ocrx_word' id='word_1_11' title='bbox 244 1001 276 1052; x_wconf 90' lang='lat' dir='ltr'>te</span> <span class='ocrx_word' id='word_1_12' title='bbox 292 991 399 1068; x_wconf 90' lang='lat' dir='ltr'>ipsum</span> <span class='ocrx_word' id='word_1_13' title='bbox 416 991 530 1051; x_wconf 90' lang='lat' dir='ltr'>oculos</span> <span class='ocrx_word' id='word_1_14' title='bbox 548 991 697 1052; x_wconf 87' lang='lat' dir='ltr'>reflecte:</span> <span class='ocrx_word' id='word_1_15' title='bbox 719 1000 751 1051; x_wconf 92' lang='lat' dir='ltr'>et</span> <span class='ocrx_word' id='word_1_16' title='bbox 766 992 843 1051; x_wconf 89' lang='lat' dir='ltr'>alio-</span> 
     </span>
     <span class='ocr_line' id='line_1_5' title="bbox 218 1087 843 1149; baseline 0.002 -1"><span class='ocrx_word' id='word_1_17' title='bbox 218 1105 291 1148; x_wconf 90' lang='lat' dir='ltr'>rum</span> <span class='ocrx_word' id='word_1_18' title='bbox 304 1088 387 1148; x_wconf 85' lang='lat' dir='ltr'>facta</span> <span class='ocrx_word' id='word_1_19' title='bbox 399 1105 515 1148; x_wconf 91' lang='lat' dir='ltr'>caveas</span> <span class='ocrx_word' id='word_1_20' title='bbox 531 1087 685 1148; x_wconf 80' lang='lat' dir='ltr'>Iudicate.</span> <span class='ocrx_word' id='word_1_21' title='bbox 711 1089 747 1148; x_wconf 94' lang='lat' dir='ltr'>In</span> <span class='ocrx_word' id='word_1_22' title='bbox 762 1089 843 1149; x_wconf 95' lang='lat' dir='ltr'>iudi·</span> 
     </span>
     <span class='ocr_line' id='line_1_6' title="bbox 86 1186 867 1262; baseline -0.003 -14"><span class='ocrx_word' id='word_1_23' title='bbox 86 1188 187 1248; x_wconf 92' lang='lat' dir='ltr'>cando</span> <span class='ocrx_word' id='word_1_24' title='bbox 203 1187 288 1247; x_wconf 92' lang='lat' dir='ltr'>alios</span> <span class='ocrx_word' id='word_1_25' title='bbox 302 1187 400 1247; x_wconf 93' lang='lat' dir='ltr'>homo</span> <span class='ocrx_word' id='word_1_26' title='bbox 417 1186 537 1246; x_wconf 85' lang='lat' dir='ltr'>frustra</span> <span class='ocrx_word' id='word_1_27' title='bbox 552 1187 692 1262; x_wconf 82' lang='lat' dir='ltr'>laborat3</span> <span class='ocrx_word' id='word_1_28' title='bbox 712 1186 867 1262; x_wconf 80' lang='lat' dir='ltr'>saepiuss</span> 
     </span>
     <span class='ocr_line' id='line_1_7' title="bbox 9 1282 843 1361; baseline -0.002 -15"><span class='ocrx_word' id='word_1_29' title='bbox 9 1287 11 1300; x_wconf 92' lang='lat'>&#39;</span> <span class='ocrx_word' id='word_1_30' title='bbox 55 1293 57 1296; x_wconf 82' lang='grc'><strong>’</strong></span> <span class='ocrx_word' id='word_1_31' title='bbox 86 1295 187 1361; x_wconf 90' lang='lat' dir='ltr'>errat,</span> <span class='ocrx_word' id='word_1_32' title='bbox 217 1294 250 1344; x_wconf 90' lang='lat' dir='ltr'>et</span> <span class='ocrx_word' id='word_1_33' title='bbox 279 1282 396 1343; x_wconf 91' lang='lat' dir='ltr'>leviter</span> <span class='ocrx_word' id='word_1_34' title='bbox 416 1294 545 1359; x_wconf 90' lang='lat' dir='ltr'>peccat:</span> <span class='ocrx_word' id='word_1_35' title='bbox 575 1301 611 1344; x_wconf 90' lang='lat' dir='ltr'>se</span> <span class='ocrx_word' id='word_1_36' title='bbox 633 1284 740 1359; x_wconf 91' lang='lat' dir='ltr'>ipsum</span> <span class='ocrx_word' id='word_1_37' title='bbox 764 1301 843 1344; x_wconf 88' lang='lat' dir='ltr'>vero</span> 
     </span>
     <span class='ocr_line' id='line_1_8' title="bbox 86 1380 843 1457; baseline -0.001 -14"><span class='ocrx_word' id='word_1_38' title='bbox 86 1382 260 1444; x_wconf 89' lang='lat' dir='ltr'>iudicando</span> <span class='ocrx_word' id='word_1_39' title='bbox 273 1390 305 1441; x_wconf 90' lang='lat' dir='ltr'>et</span> <span class='ocrx_word' id='word_1_40' title='bbox 315 1380 520 1441; x_wconf 87' lang='lat' dir='ltr'>discutiendo</span> <span class='ocrx_word' id='word_1_41' title='bbox 531 1398 663 1457; x_wconf 85' lang='lat' dir='ltr'>semper</span> <span class='ocrx_word' id='word_1_42' title='bbox 676 1382 843 1443; x_wconf 83' lang='lat' dir='ltr'>lructuose</span> 
     </span>
     <span class='ocr_line' id='line_1_9' title="bbox 86 1479 843 1556; baseline 0 -16"><span class='ocrx_word' id='word_1_43' title='bbox 86 1482 219 1541; x_wconf 86' lang='lat' dir='ltr'>laborat.</span> <span class='ocrx_word' id='word_1_44' title='bbox 263 1479 354 1540; x_wconf 91' lang='lat' dir='ltr'>Sicut</span> <span class='ocrx_word' id='word_1_45' title='bbox 375 1479 470 1540; x_wconf 90' lang='lat' dir='ltr'>nobis</span> <span class='ocrx_word' id='word_1_46' title='bbox 499 1496 553 1539; x_wconf 92' lang='lat' dir='ltr'>res</span> <span class='ocrx_word' id='word_1_47' title='bbox 582 1480 671 1540; x_wconf 92' lang='lat' dir='ltr'>cordi</span> <span class='ocrx_word' id='word_1_48' title='bbox 700 1490 767 1556; x_wconf 85' lang='lat' dir='ltr'>est,</span> <span class='ocrx_word' id='word_1_49' title='bbox 795 1480 843 1540; x_wconf 91' lang='lat' dir='ltr'>sic</span> 
     </span>
     <span class='ocr_line' id='line_1_10' title="bbox 85 1576 843 1653; baseline 0.001 -15"><span class='ocrx_word' id='word_1_50' title='bbox 85 1578 124 1638; x_wconf 92' lang='lat' dir='ltr'>de</span> <span class='ocrx_word' id='word_1_51' title='bbox 147 1595 186 1637; x_wconf 90' lang='lat' dir='ltr'>ea</span> <span class='ocrx_word' id='word_1_52' title='bbox 209 1577 401 1653; x_wconf 84' lang='lat' dir='ltr'>frequenter</span> <span class='ocrx_word' id='word_1_53' title='bbox 415 1576 614 1637; x_wconf 91' lang='lat' dir='ltr'>iudicamus:</span> <span class='ocrx_word' id='word_1_54' title='bbox 636 1596 710 1638; x_wconf 92' lang='lat' dir='ltr'>narn</span> <span class='ocrx_word' id='word_1_55' title='bbox 728 1595 843 1639; x_wconf 91' lang='lat' dir='ltr'>verum</span> 
     </span>
     <span class='ocr_line' id='line_1_11' title="bbox 87 1675 881 1754; baseline -0.001 -18"><span class='ocrx_word' id='word_1_56' title='bbox 87 1675 245 1754; x_wconf 88' lang='lat' dir='ltr'>iudicium</span> <span class='ocrx_word' id='word_1_57' title='bbox 268 1683 400 1750; x_wconf 92' lang='lat' dir='ltr'>propter</span> <span class='ocrx_word' id='word_1_58' title='bbox 421 1675 582 1751; x_wconf 91' lang='lat' dir='ltr'>privatum</span> <span class='ocrx_word' id='word_1_59' title='bbox 600 1693 744 1736; x_wconf 90' lang='lat' dir='ltr'>amorem</span> <span class='ocrx_word' id='word_1_60' title='bbox 768 1676 881 1736; x_wconf 85' lang='lat' dir='ltr'>faci-ro</span> 
     </span>
     <span class='ocr_line' id='line_1_12' title="bbox 86 1772 845 1850; baseline 0.001 -17"><span class='ocrx_word' id='word_1_61' title='bbox 86 1773 160 1833; x_wconf 91' lang='lat' dir='ltr'>liter</span> <span class='ocrx_word' id='word_1_62' title='bbox 188 1772 368 1849; x_wconf 79' lang='lat' dir='ltr'>perdimus</span> <span class='ocrx_word' id='word_1_63' title='bbox 414 1772 447 1833; x_wconf 89' lang='lat' dir='ltr'>Si</span> <span class='ocrx_word' id='word_1_64' title='bbox 479 1774 569 1833; x_wconf 90' lang='lat' dir='ltr'>Deus</span> <span class='ocrx_word' id='word_1_65' title='bbox 597 1791 729 1850; x_wconf 86' lang='lat' dir='ltr'>semper</span> <span class='ocrx_word' id='word_1_66' title='bbox 756 1783 845 1834; x_wconf 88' lang='lat' dir='ltr'>esset</span> 
     </span>
     <span class='ocr_line' id='line_1_13' title="bbox 87 1869 843 1946; baseline 0.001 -16"><span class='ocrx_word' id='word_1_67' title='bbox 87 1889 168 1946; x_wconf 92' lang='lat' dir='ltr'>pura</span> <span class='ocrx_word' id='word_1_68' title='bbox 195 1869 335 1930; x_wconf 89' lang='lat' dir='ltr'>intentio</span> <span class='ocrx_word' id='word_1_69' title='bbox 359 1871 462 1931; x_wconf 85' lang='lat' dir='ltr'>nostri</span> <span class='ocrx_word' id='word_1_70' title='bbox 492 1870 663 1931; x_wconf 88' lang='lat' dir='ltr'>desiderii:</span> <span class='ocrx_word' id='word_1_71' title='bbox 691 1880 843 1931; x_wconf 90' lang='lat' dir='ltr'>nontam</span> 
     </span>
     <span class='ocr_line' id='line_1_14' title="bbox 89 1967 844 2045; baseline 0.001 -18"><span class='ocrx_word' id='word_1_72' title='bbox 89 1967 229 2028; x_wconf 85' lang='lat' dir='ltr'><strong>faciliter</strong></span> <span class='ocrx_word' id='word_1_73' title='bbox 242 1969 450 2029; x_wconf 81' lang='lat' dir='ltr'>turbaremur</span> <span class='ocrx_word' id='word_1_74' title='bbox 459 1986 518 2045; x_wconf 94' lang='lat' dir='ltr'>pro</span> <span class='ocrx_word' id='word_1_75' title='bbox 529 1969 716 2030; x_wconf 86' lang='lat' dir='ltr'>resistentia</span> <span class='ocrx_word' id='word_1_76' title='bbox 725 1986 844 2029; x_wconf 92' lang='lat' dir='ltr'>sensus</span> 
     </span>
     <span class='ocr_line' id='line_1_15' title="bbox 88 2065 845 2143; baseline 0.003 -19"><span class='ocrx_word' id='word_1_77' title='bbox 88 2065 201 2126; x_wconf 90' lang='lat' dir='ltr'>nostri.</span> <span class='ocrx_word' id='word_1_78' title='bbox 241 2065 306 2126; x_wconf 90' lang='lat' dir='ltr'>Sed</span> <span class='ocrx_word' id='word_1_79' title='bbox 328 2083 426 2142; x_wconf 82' lang='lat' dir='ltr'>saepe</span> <span class='ocrx_word' id='word_1_80' title='bbox 448 2067 570 2143; x_wconf 92' lang='lat' dir='ltr'>aliquid</span> <span class='ocrx_word' id='word_1_81' title='bbox 592 2068 631 2126; x_wconf 92' lang='lat' dir='ltr'>ab</span> <span class='ocrx_word' id='word_1_82' title='bbox 653 2067 737 2127; x_wconf 91' lang='lat' dir='ltr'>intra</span> <span class='ocrx_word' id='word_1_83' title='bbox 758 2068 845 2142; x_wconf 87' lang='lat' dir='ltr'>latet,</span> 
     </span>
     <span class='ocr_line' id='line_1_16' title="bbox 88 2163 881 2241; baseline 0.005 -20"><span class='ocrx_word' id='word_1_84' title='bbox 88 2163 139 2222; x_wconf 93' lang='lat' dir='ltr'>vel</span> <span class='ocrx_word' id='word_1_85' title='bbox 161 2163 262 2223; x_wconf 89' lang='lat' dir='ltr'>etiam</span> <span class='ocrx_word' id='word_1_86' title='bbox 285 2164 324 2223; x_wconf 91' lang='lat' dir='ltr'>ab</span> <span class='ocrx_word' id='word_1_87' title='bbox 346 2173 437 2224; x_wconf 89' lang='lat' dir='ltr'>extra</span> <span class='ocrx_word' id='word_1_88' title='bbox 458 2165 639 2225; x_wconf 86' lang='lat' dir='ltr'>concurrit:</span> <span class='ocrx_word' id='word_1_89' title='bbox 668 2165 755 2241; x_wconf 93' lang='lat' dir='ltr'>quod</span> <span class='ocrx_word' id='word_1_90' title='bbox 783 2182 844 2225; x_wconf 92' lang='lat' dir='ltr'>nos</span> <span class='ocrx_word' id='word_1_91' title='bbox 857 2183 881 2225; x_wconf 87' lang='lat'>15</span> 
     </span>
     <span class='ocr_line' id='line_1_17' title="bbox 89 2259 845 2339; baseline 0.007 -20"><span class='ocrx_word' id='word_1_92' title='bbox 89 2260 184 2320; x_wconf 91' lang='lat' dir='ltr'>etiam</span> <span class='ocrx_word' id='word_1_93' title='bbox 197 2259 320 2336; x_wconf 91' lang='lat' dir='ltr'>pariter</span> <span class='ocrx_word' id='word_1_94' title='bbox 330 2261 436 2322; x_wconf 91' lang='lat' dir='ltr'>trahit.</span> <span class='ocrx_word' id='word_1_95' title='bbox 459 2261 555 2322; x_wconf 84' lang='lat' dir='ltr'>Multi</span> <span class='ocrx_word' id='word_1_96' title='bbox 568 2264 694 2323; x_wconf 91' lang='lat' dir='ltr'>occulte</span> <span class='ocrx_word' id='word_1_97' title='bbox 705 2281 742 2323; x_wconf 90' lang='lat' dir='ltr'>se</span> <span class='ocrx_word' id='word_1_98' title='bbox 754 2263 845 2339; x_wconf 90' lang='lat' dir='ltr'>ipsos</span> 
     </span>
     <span class='ocr_line' id='line_1_18' title="bbox 84 2359 844 2437; baseline 0.004 -19"><span class='ocrx_word' id='word_1_99' title='bbox 84 2367 252 2434; x_wconf 85' lang='lat' dir='ltr'>¹quaerunt</span> <span class='ocrx_word' id='word_1_100' title='bbox 261 2359 295 2418; x_wconf 95' lang='lat' dir='ltr'>in</span> <span class='ocrx_word' id='word_1_101' title='bbox 310 2361 409 2421; x_wconf 90' lang='lat' dir='ltr'>rebus</span> <span class='ocrx_word' id='word_1_102' title='bbox 420 2378 501 2437; x_wconf 91' lang='lat' dir='ltr'>quas</span> <span class='ocrx_word' id='word_1_103' title='bbox 512 2368 625 2436; x_wconf 88' lang='lat' dir='ltr'>agunt:</span> <span class='ocrx_word' id='word_1_104' title='bbox 642 2369 674 2420; x_wconf 91' lang='lat' dir='ltr'>et</span> <span class='ocrx_word' id='word_1_105' title='bbox 683 2360 844 2421; x_wconf 91' lang='lat' dir='ltr'>nesciunt.</span> 
     </span>
     <span class='ocr_line' id='line_1_19' title="bbox 89 2457 844 2535; baseline 0.004 -19"><span class='ocrx_word' id='word_1_106' title='bbox 89 2457 252 2517; x_wconf 89' lang='lat' dir='ltr'>Videntur</span> <span class='ocrx_word' id='word_1_107' title='bbox 262 2457 359 2518; x_wconf 91' lang='lat' dir='ltr'>etiam</span> <span class='ocrx_word' id='word_1_108' title='bbox 370 2457 403 2518; x_wconf 93' lang='lat' dir='ltr'>in</span> <span class='ocrx_word' id='word_1_109' title='bbox 415 2459 499 2518; x_wconf 91' lang='lat' dir='ltr'>bona</span> <span class='ocrx_word' id='word_1_110' title='bbox 509 2475 589 2533; x_wconf 92' lang='lat' dir='ltr'>pace</span> <span class='ocrx_word' id='word_1_111' title='bbox 600 2465 699 2518; x_wconf 90' lang='lat' dir='ltr'>stare:</span> <span class='ocrx_word' id='word_1_112' title='bbox 715 2459 844 2535; x_wconf 92' lang='lat' dir='ltr'>quando</span> 
     </span>
     <span class='ocr_line' id='line_1_20' title="bbox 88 2555 843 2630; baseline 0.003 -16"><span class='ocrx_word' id='word_1_113' title='bbox 88 2571 141 2614; x_wconf 90' lang='lat' dir='ltr'>res</span> <span class='ocrx_word' id='word_1_114' title='bbox 163 2571 225 2630; x_wconf 91' lang='lat' dir='ltr'>pro</span> <span class='ocrx_word' id='word_1_115' title='bbox 247 2570 361 2615; x_wconf 88' lang='lat' dir='ltr'>eorum</span> <span class='ocrx_word' id='word_1_116' title='bbox 383 2556 469 2615; x_wconf 90' lang='lat' dir='ltr'>velle</span> <span class='ocrx_word' id='word_1_117' title='bbox 491 2555 572 2615; x_wconf 85' lang='lat' dir='ltr'>liunt</span> <span class='ocrx_word' id='word_1_118' title='bbox 595 2563 627 2614; x_wconf 88' lang='lat' dir='ltr'>et</span> <span class='ocrx_word' id='word_1_119' title='bbox 648 2555 780 2616; x_wconf 89' lang='lat' dir='ltr'>sentire.</span> <span class='ocrx_word' id='word_1_120' title='bbox 810 2556 843 2617; x_wconf 88' lang='lat' dir='ltr'>Si</span> 
     </span>
     <span class='ocr_line' id='line_1_21' title="bbox 88 2651 882 2729; baseline 0.004 -19"><span class='ocrx_word' id='word_1_121' title='bbox 88 2662 197 2712; x_wconf 90' lang='lat' dir='ltr'>autem</span> <span class='ocrx_word' id='word_1_122' title='bbox 220 2651 316 2712; x_wconf 90' lang='lat' dir='ltr'>aliter</span> <span class='ocrx_word' id='word_1_123' title='bbox 337 2651 372 2712; x_wconf 92' lang='lat' dir='ltr'>lit</span> <span class='ocrx_word' id='word_1_124' title='bbox 393 2670 489 2729; x_wconf 89' lang='lat' dir='ltr'>quam</span> <span class='ocrx_word' id='word_1_125' title='bbox 512 2652 663 2728; x_wconf 90' lang='lat' dir='ltr'>cupiunt:</span> <span class='ocrx_word' id='word_1_126' title='bbox 692 2653 756 2712; x_wconf 92' lang='lat' dir='ltr'>cito</span> <span class='ocrx_word' id='word_1_127' title='bbox 777 2671 882 2714; x_wconf 81' lang='lat' dir='ltr'>mozo</span> 
     </span>
     <span class='ocr_line' id='line_1_22' title="bbox 87 2749 845 2825; baseline 0.001 -15"><span class='ocrx_word' id='word_1_128' title='bbox 87 2759 208 2810; x_wconf 89' lang='lat' dir='ltr'>ventur</span> <span class='ocrx_word' id='word_1_129' title='bbox 229 2758 262 2810; x_wconf 89' lang='lat' dir='ltr'>et</span> <span class='ocrx_word' id='word_1_130' title='bbox 284 2750 395 2810; x_wconf 90' lang='lat' dir='ltr'>tristes</span> <span class='ocrx_word' id='word_1_131' title='bbox 417 2749 507 2811; x_wconf 86' lang='lat' dir='ltr'>liunt.</span> <span class='ocrx_word' id='word_1_132' title='bbox 551 2751 688 2825; x_wconf 90' lang='lat' dir='ltr'>Propter</span> <span class='ocrx_word' id='word_1_133' title='bbox 709 2750 845 2812; x_wconf 91' lang='lat' dir='ltr'>diversi-</span> 
     </span>
     <span class='ocr_line' id='line_1_23' title="bbox 87 2847 846 2923; baseline 0.003 -16"><span class='ocrx_word' id='word_1_134' title='bbox 87 2855 186 2908; x_wconf 86' lang='lat' dir='ltr'>tatem</span> <span class='ocrx_word' id='word_1_135' title='bbox 216 2864 375 2907; x_wconf 90' lang='lat' dir='ltr'>sensuum</span> <span class='ocrx_word' id='word_1_136' title='bbox 405 2856 438 2907; x_wconf 92' lang='lat' dir='ltr'>et</span> <span class='ocrx_word' id='word_1_137' title='bbox 466 2847 656 2923; x_wconf 91' lang='lat' dir='ltr'>opinionum</span> <span class='ocrx_word' id='word_1_138' title='bbox 681 2848 760 2909; x_wconf 92' lang='lat' dir='ltr'>satis</span> <span class='ocrx_word' id='word_1_139' title='bbox 783 2849 846 2909; x_wconf 80' lang='lat' dir='ltr'>Ire·</span> 
     </span>
     <span class='ocr_line' id='line_1_24' title="bbox 89 2944 846 3022; baseline 0 -16"><span class='ocrx_word' id='word_1_140' title='bbox 89 2944 846 3022; x_wconf 85' lang='lat' dir='ltr'>quenteroriunturdissensionesinteramicos</span> 
     </span>
     <span class='ocr_line' id='line_1_25' title="bbox 89 3041 845 3120; baseline 0.003 -18"><span class='ocrx_word' id='word_1_141' title='bbox 89 3052 120 3102; x_wconf 90' lang='lat' dir='ltr'>et</span> <span class='ocrx_word' id='word_1_142' title='bbox 135 3043 245 3103; x_wconf 85' lang='lat' dir='ltr'>cives:</span> <span class='ocrx_word' id='word_1_143' title='bbox 260 3041 347 3102; x_wconf 88' lang='lat' dir='ltr'>inter</span> <span class='ocrx_word' id='word_1_144' title='bbox 361 3042 533 3120; x_wconf 80' lang='lat' dir='ltr'>relIgiosos</span> <span class='ocrx_word' id='word_1_145' title='bbox 544 3051 576 3102; x_wconf 90' lang='lat' dir='ltr'>et</span> <span class='ocrx_word' id='word_1_146' title='bbox 587 3042 731 3104; x_wconf 89' lang='lat' dir='ltr'>devotos.</span> <span class='ocrx_word' id='word_1_147' title='bbox 755 3043 845 3104; x_wconf 79' lang='lat' dir='ltr'>Anti-</span> 
     </span>
     <span class='ocr_line' id='line_1_26' title="bbox 90 3139 881 3216; baseline 0.005 -16"><span class='ocrx_word' id='word_1_148' title='bbox 90 3157 152 3216; x_wconf 87' lang='lat' dir='ltr'>qua</span> <span class='ocrx_word' id='word_1_149' title='bbox 169 3139 374 3200; x_wconf 89' lang='lat' dir='ltr'>consuetudo</span> <span class='ocrx_word' id='word_1_150' title='bbox 391 3139 567 3200; x_wconf 86' lang='lat' dir='ltr'>difficulter</span> <span class='ocrx_word' id='word_1_151' title='bbox 581 3140 791 3216; x_wconf 91' lang='lat' dir='ltr'>relinquitur:</span> <span class='ocrx_word' id='word_1_152' title='bbox 814 3152 881 3206; x_wconf 77' lang='lat' dir='ltr'>etas</span> 
     </span>
     <span class='ocr_line' id='line_1_27' title="bbox 9 3233 846 3314; baseline 0.002 -17"><span class='ocrx_word' id='word_1_153' title='bbox 9 3233 11 3256; x_wconf 60' lang='lat'>³</span> <span class='ocrx_word' id='word_1_154' title='bbox 90 3238 173 3298; x_wconf 92' lang='lat' dir='ltr'>ultra</span> <span class='ocrx_word' id='word_1_155' title='bbox 195 3237 363 3314; x_wconf 90' lang='lat' dir='ltr'>proprium</span> <span class='ocrx_word' id='word_1_156' title='bbox 385 3237 498 3298; x_wconf 88' lang='lat' dir='ltr'>videre</span> <span class='ocrx_word' id='word_1_157' title='bbox 520 3255 617 3298; x_wconf 93' lang='lat' dir='ltr'>nemo</span> <span class='ocrx_word' id='word_1_158' title='bbox 633 3238 773 3298; x_wconf 91' lang='lat' dir='ltr'>libenter</span> <span class='ocrx_word' id='word_1_159' title='bbox 789 3239 846 3300; x_wconf 94' lang='lat' dir='ltr'>du-</span> 
     </span>
     <span class='ocr_line' id='line_1_28' title="bbox 92 3333 845 3412; baseline 0.004 -17"><span class='ocrx_word' id='word_1_160' title='bbox 92 3335 182 3397; x_wconf 91' lang='lat' dir='ltr'>citur.</span> <span class='ocrx_word' id='word_1_161' title='bbox 215 3335 250 3396; x_wconf 92' lang='lat' dir='ltr'>Si</span> <span class='ocrx_word' id='word_1_162' title='bbox 273 3333 389 3395; x_wconf 92' lang='lat' dir='ltr'>rationi</span> <span class='ocrx_word' id='word_1_163' title='bbox 406 3343 480 3395; x_wconf 87' lang='lat' dir='ltr'>tuae</span> <span class='ocrx_word' id='word_1_164' title='bbox 495 3335 599 3412; x_wconf 88' lang='lat' dir='ltr'>magis</span> <span class='ocrx_word' id='word_1_165' title='bbox 620 3335 771 3396; x_wconf 92' lang='lat' dir='ltr'>inniteris</span> <span class='ocrx_word' id='word_1_166' title='bbox 793 3339 845 3398; x_wconf 88' lang='lat' dir='ltr'>vel</span> 
     </span>
     <span class='ocr_line' id='line_1_29' title="bbox 92 3432 845 3511; baseline 0.005 -20"><span class='ocrx_word' id='word_1_167' title='bbox 92 3433 281 3509; x_wconf 84' lang='lat' dir='ltr'>industriae,</span> <span class='ocrx_word' id='word_1_168' title='bbox 303 3451 399 3511; x_wconf 91' lang='lat' dir='ltr'>quam</span> <span class='ocrx_word' id='word_1_169' title='bbox 421 3433 532 3493; x_wconf 89' lang='lat' dir='ltr'>virtuti</span> <span class='ocrx_word' id='word_1_170' title='bbox 555 3432 755 3494; x_wconf 90' lang='lat' dir='ltr'>subiectivae</span> <span class='ocrx_word' id='word_1_171' title='bbox 770 3434 845 3495; x_wconf 91' lang='lat' dir='ltr'>Iesu</span> 
     </span>
    </p>
   </div>
   <div class='ocr_carea' id='block_1_5' title="bbox 9 3523 846 3679">
    <p class='ocr_par' dir='ltr' id='par_1_5' title="bbox 9 3523 846 3679">
     <span class='ocr_line' id='line_1_30' title="bbox 9 3523 846 3609; baseline 0.004 -17"><span class='ocrx_word' id='word_1_172' title='bbox 9 3523 12 3540; x_wconf 88' lang='lat'>&#39;</span> <span class='ocrx_word' id='word_1_173' title='bbox 95 3531 235 3609; x_wconf 83' lang='lat' dir='ltr'>Christi3</span> <span class='ocrx_word' id='word_1_174' title='bbox 258 3548 331 3592; x_wconf 89' lang='lat' dir='ltr'>raro</span> <span class='ocrx_word' id='word_1_175' title='bbox 353 3540 386 3592; x_wconf 90' lang='lat' dir='ltr'>et</span> <span class='ocrx_word' id='word_1_176' title='bbox 406 3531 497 3592; x_wconf 90' lang='lat' dir='ltr'>tarde</span> <span class='ocrx_word' id='word_1_177' title='bbox 519 3531 585 3591; x_wconf 90' lang='lat' dir='ltr'>eris</span> <span class='ocrx_word' id='word_1_178' title='bbox 607 3535 706 3594; x_wconf 91' lang='lat' dir='ltr'>horno</span> <span class='ocrx_word' id='word_1_179' title='bbox 727 3534 846 3595; x_wconf 92' lang='lat' dir='ltr'>illumi-</span> 
     </span>
     <span class='ocr_line' id='line_1_31' title="bbox 455 3637 482 3679; baseline 0 0"><span class='ocrx_word' id='word_1_180' title='bbox 455 3637 482 3679; x_wconf 86' lang='lat'>25</span> 
     </span>
    </p>
   </div>
   <div class='ocr_carea' id='block_1_6' title="bbox 0 0 1087 4194">
    <p class='ocr_par' dir='ltr' id='par_1_6' title="bbox 0 0 1087 4194">
     <span class='ocr_line' id='line_1_32' title="bbox 0 0 1087 4194; baseline 0 0"><span class='ocrx_word' id='word_1_181' title='bbox 0 0 1087 4194; x_wconf 95' lang='lat' dir='ltr'> </span> 
     </span>
    </p>
   </div>
  </div>
 </body>
</html>
