2146 4194
91 451 369 503 ibfflfflffl
431 451 505 493 1t149
564 451 846 504 {Edu-ww

92 585 144 661 qui
163 595 297 645 naturae
312 584 378 644 vim
402 584 492 644 lacit:
515 594 547 644 et
562 583 845 660 concupiscentias

92 683 198 743 carnis
214 683 343 743 fervore
359 682 494 758 spiritus
510 681 686 758 crucifigit3
708 691 742 742 ut
757 699 844 743 sere·

91 792 163 840 nata
193 779 395 840 conscientia
425 796 538 855 puram
575 779 631 839 tibi
663 780 843 841 orationem

91 877 221 937 offerat:
243 877 426 953 dignusque
448 876 490 937 sit
505 877 661 953 angelicis
683 878 845 938 interesse

91 976 216 1051 choris,
247 975 399 1036 omnibus
428 975 569 1036 terrenis
599 975 678 1035 loris
701 985 733 1036 et
757 975 844 1035 intus
868 990 881 1029 s

90 1073 242 1134 exclusis.

91 1235 145 1294 DE
176 1233 411 1295 DESIDERIO
444 1232 676 1295 AETERNAE
704 1232 845 1309 VITAE,

113 1331 163 1392 ET
187 1330 371 1409 QVANTA
394 1331 492 1393 SINT
515 1329 821 1394 CERTANTIBVS

276 1427 401 1490 BONA
424 1428 659 1491 PROMISSA.

312 1559 517 1610 CAPITVLVM
535 1560 622 1609 XLIX.
857 1568 881 1608 to

91 1603 248 1818 ffilli
285 1659 371 1724 Cum
394 1660 451 1720 tibi
472 1659 670 1721 desiderium
693 1669 844 1720 aeternae

220 1757 429 1817 beatitudinis
440 1757 582 1833 desuper
592 1755 719 1817 infundi
731 1756 844 1830 sentis,

90 1855 182 1915 etde
211 1855 419 1916 tabernaculo
442 1856 588 1932 corporis
614 1853 704 1916 exire
726 1871 844 1914 concu-

90 1952 206 2027 piscis,
235 1963 269 2013 ut
291 1952 468 2013 claritatem
491 1969 596 2013 meam
624 1952 695 2012 sine
718 1951 844 2012 vicissi-

91 2049 211 2109 tudinis
233 2050 347 2109 umbra
369 2049 580 2125 contemplari
601 2050 725 2126 possis:
748 2050 844 2110 dilata
856 2063 880 2103 ts

14 2157 15 2194 ὲ
91 2164 144 2207 cor
163 2157 255 2208 tuum
272 2157 303 2208 et
318 2147 406 2207 omni
423 2147 585 2207 desiderio
601 2147 684 2206 hanc
699 2156 843 2207 sanctam

91 2244 335 2321 inspirationem
365 2245 506 2321 suscipe.
550 2245 660 2304 Redde
684 2243 845 2320 amplissi-

92 2359 158 2402 mas
188 2359 352 2418 supernae
373 2342 507 2404 bonitati
529 2341 665 2419 gratias:
694 2358 777 2417 quae
799 2350 845 2400 te·

92 2456 161 2499 cum
186 2439 234 2500 sic
250 2439 422 2516 dignanter
440 2439 521 2516 agit;
543 2440 722 2500 clementer
737 2439 845 2499 visitat

92 2537 241 2596 ardenter
271 2536 389 2597 excitat
420 2545 569 2612 potenter
603 2537 767 2597 sublevat:
804 2553 882 2596 neao

91 2633 220 2710 proprio
236 2634 380 2709 pondere
390 2633 430 2693 ad
441 2643 570 2694 terrena
581 2633 707 2693 labaris.
729 2633 846 2709 Neque

92 2732 177 2791 enim
194 2733 256 2790 hoc
272 2731 412 2807 cogitatu
435 2740 490 2792 tuo
505 2743 560 2792 aut
575 2740 692 2791 conatu
707 2730 845 2806 accipis:

92 2829 147 2889 sed
176 2829 247 2888 sola
269 2828 454 2904 dignatione
483 2845 646 2904 supernae
671 2828 792 2904 gratiae
814 2838 846 2888 et

92 2925 191 2984 divini
217 2935 407 3001 respectus3
435 2925 588 3002 quatinus
617 2925 846 2986 invirtutibus

92 3033 122 3082 et
131 3022 248 3083 maiori
262 3023 444 3084 humilitate
455 3022 622 3099 proficias:
638 3023 723 3083 etad
740 3022 882 3083 luturazs

93 3119 269 3181 certamina
304 3130 335 3181 te
371 3137 562 3196 praepares3
598 3120 744 3197 mihique
780 3129 846 3180 toto

93 3217 200 3277 cordis
237 3216 356 3278 affectu
392 3218 589 3279 adhaerere:
630 3236 666 3278 ac
708 3217 845 3278 ferventi

95 3316 260 3375 voluntate
282 3315 414 3375 studeas
436 3315 613 3376 deservire.

132 3413 201 3472 Fili.
232 3411 336 3488 Saepe
357 3411 441 3488 ignis
456 3413 563 3473 ardet:
585 3413 643 3472 sed
663 3413 734 3473 sine
758 3413 847 3473 lumo

95 3509 222 3571 ilamma
243 3527 309 3570 non
331 3509 487 3570 ascendit.
531 3509 585 3570 Sic
611 3521 643 3570 et
664 3510 883 3587 aliquorumso

449 3614 490 3656 aaa
