2138 4196
82 487 364 540 &mmm
420 485 462 527 1111
481 486 505 527 ¹⁵
559 482 840 537 :eamme

83 619 231 696 perfecte
244 620 380 680 viceris:
396 619 458 681 erit
473 619 559 695 quod
574 616 693 694 petisti.
725 616 839 678 Statim

84 735 227 795 namque
255 728 289 779 ut
318 728 349 778 te
373 719 444 777 Deo
466 733 506 776 ex
534 725 600 776 toto
623 715 721 775 corde
744 715 840 777 tradi-

84 814 192 890 deris,
218 833 279 876 nec
308 816 371 876 hoc
392 815 444 875 vel
474 814 553 874 illud
581 831 639 890 pro
668 823 723 874 tuo
748 812 839 873 libitu

84 929 147 972 seu
168 914 252 973 velle
281 912 479 990 quaesieris,
507 912 565 971 sed
594 911 719 988 integre
747 920 778 971 te
807 909 840 971 in

84 1009 158 1085 ipso
179 1011 346 1086 posueris:
368 1011 495 1072 unitum
518 1020 549 1070 te
565 1009 715 1070 invenies
734 1019 766 1071 et
787 1025 863 1086 pa-s

83 1117 210 1184 catum;
239 1108 315 1185 quia
343 1109 388 1169 nil
417 1109 461 1169 ita
488 1109 573 1168 bene
595 1108 699 1183 sapiet
722 1117 754 1168 et
775 1108 840 1184 pla-

84 1207 186 1267 cebit:
209 1207 293 1267 siout
314 1206 553 1283 beneplacitum
576 1206 706 1266 divinae
727 1206 841 1266 volun·

81 1304 169 1364 tatis.
191 1323 193 1326 ¹
213 1304 373 1381 Quisquis
402 1321 479 1382 ergo
505 1303 719 1365 intentionem
748 1319 840 1364 suam

82 1401 226 1478 simplici
241 1402 339 1462 corde
354 1418 486 1462 sursum
497 1401 536 1461 ad
549 1402 656 1461 Deum
670 1399 843 1476 levaverit;

82 1515 189 1576 seque
210 1499 250 1558 ab
265 1499 353 1559 omni
376 1497 559 1559 inordinato
574 1513 685 1558 amore
702 1514 761 1557 seu
778 1496 840 1557 dis·
852 1513 877 1554 ιο

82 1597 239 1673 plicentia
267 1596 441 1658 cuiuslibet
472 1595 519 1656 rei
551 1605 678 1655 creatae
706 1611 841 1655 evacua-

82 1694 185 1755 verit:
207 1694 396 1770 aptissimus
417 1693 538 1770 gratiae
553 1693 782 1770 percipiendae
804 1711 841 1754 ac

81 1792 203 1868 dignus
225 1791 409 1852 devotionis
424 1808 560 1851 munere
575 1791 646 1851 erit.
676 1792 738 1851 Dat
753 1791 840 1851 enim

83 1889 249 1949 Dominus
278 1889 320 1948 ibi
352 1888 614 1949 benedictionem
646 1905 755 1948 suam:
787 1889 840 1949 ubi

81 2005 165 2047 vasa
193 2003 296 2046 vacua
326 1986 498 2046 invenerit.
551 1985 589 2046 Et
620 1996 740 2063 quanto
770 2004 878 2063 per-ts

82 2083 205 2144 lectius
227 2083 349 2145 infimis
375 2084 448 2162 quis
470 2083 651 2159 renuntiat,
679 2095 711 2145 et
739 2086 842 2162 magis

81 2181 148 2240 sibi
178 2181 239 2258 ipsi
268 2199 327 2257 per
355 2191 577 2256 contemptum
609 2180 659 2240 sui
689 2181 843 2257 moritur;

80 2289 174 2340 tanto
184 2279 285 2356 gratia
296 2278 544 2354 celeriusvenit‚
556 2278 722 2354 copiosius
733 2279 842 2340 intrat:

82 2387 115 2437 et
131 2377 230 2437 altius
245 2377 383 2437 liberum
400 2393 456 2436 cor
471 2378 586 2437 elevat.
615 2376 706 2438 Tunc
721 2377 843 2438 videbit

82 2486 116 2536 et
138 2474 262 2551 affluet,
284 2486 315 2535 et
338 2464 507 2536 mirabitur
528 2485 560 2536 et
582 2474 766 2535 dilatabitur
787 2492 880 2535 corao

82 2573 159 2632 eius
187 2573 221 2632 in
247 2573 336 2649 ips03
364 2573 439 2649 quia
467 2589 584 2633 manus
607 2572 738 2632 Domini
768 2590 842 2633 cum

82 2686 142 2728 eo:
172 2679 204 2729 et
225 2669 297 2745 ipse
325 2685 362 2729 se
390 2669 499 2745 posuit
527 2670 668 2730 totaliter
689 2670 723 2730 in
745 2687 842 2730 manu

83 2767 159 2825 eius
181 2783 286 2843 usque
308 2766 341 2826 in
364 2768 541 2826 saeculum.
572 2767 655 2828 Ecce
676 2768 724 2828 sie
745 2769 843 2828 bene·

83 2865 213 2924 dicetur
234 2866 343 2940 homo,
365 2865 419 2940 qui
442 2864 568 2941 quaerit
592 2865 698 2924 Deum
721 2863 754 2924 in
776 2875 842 2926 toto

84 2960 183 3020 corde
207 2977 283 3020 suo:
306 2977 366 3022 nec
382 2961 416 3021 in
431 2979 551 3023 vanum
567 2961 683 3038 accipit
702 2961 842 3022 animam
852 2982 879 3024 25

83 3077 188 3120 suam.
224 3059 287 3119 Hic
309 3059 342 3120 in
364 3059 555 3136 accipiendo
578 3077 703 3120 sacram
726 3061 843 3120 eucha-

84 3158 221 3232 ristiam,
237 3174 385 3234 magnam
397 3168 602 3234 promeretur
612 3157 741 3218 divinae
753 3158 843 3219 unio-

84 3257 136 3317 nis
147 3255 301 3333 gratiam3
316 3256 391 3333 quia
406 3273 472 3316 non
483 3256 616 3332 respicit
625 3256 665 3316 ad
679 3254 843 3331 propriam

83 3354 294 3415 devotionem
312 3364 349 3414 ,et
370 3354 644 3414 consolationem:
667 3353 725 3412 sed
745 3368 845 3428 super

82 3467 217 3512 omnem
240 3451 447 3512 devotionem
472 3460 504 3511 et
526 3451 781 3511 consolationem
804 3451 880 3512 adso

85 3548 147 3609 Dei
169 3549 307 3625 gloriam
331 3560 362 3609 et
384 3549 553 3609 honorem.

449 3653 483 3695 ist
706 3651 738 3694 a*
