<?xml version="1.0" encoding="UTF-8"?>
<!DOCTYPE html PUBLIC "-//W3C//DTD XHTML 1.0 Transitional//EN"
    "http://www.w3.org/TR/xhtml1/DTD/xhtml1-transitional.dtd">
<html xmlns="http://www.w3.org/1999/xhtml" xml:lang="en" lang="en">
 <head>
  <title>
</title>
<meta http-equiv="Content-Type" content="text/html;charset=utf-8" />
  <meta name='ocr-system' content='tesseract 3.04.00' />
  <meta name='ocr-capabilities' content='ocr_page ocr_carea ocr_par ocr_line ocrx_word'/>
</head>
<body>
  <div class='ocr_page' id='page_1' title='image "./thomaehemerkena03pohlgoog_0043.png"; bbox 0 0 2142 4194; ppageno 0'>
   <div class='ocr_carea' id='block_1_1' title="bbox 229 396 1053 490">
    <p class='ocr_par' dir='ltr' id='par_1_1' title="bbox 229 396 1053 490">
     <span class='ocr_line' id='line_1_1' title="bbox 229 396 1053 490; baseline 0.004 -13"><span class='ocrx_word' id='word_1_1' title='bbox 229 436 350 490; x_wconf 54' lang='lat' dir='ltr'><strong>&amp;im</strong></span> <span class='ocrx_word' id='word_1_2' title='bbox 420 435 654 480; x_wconf 77' lang='grc' dir='ltr'>ΒΕΙΜΙΤΑΤΙΟΝΕ</span> <span class='ocrx_word' id='word_1_3' title='bbox 669 435 794 479; x_wconf 83' lang='lat' dir='ltr'>CHRISTI</span> <span class='ocrx_word' id='word_1_4' title='bbox 864 437 987 489; x_wconf 35' lang='lat' dir='ltr'><strong>&amp;KQ</strong></span> <span class='ocrx_word' id='word_1_5' title='bbox 1052 396 1053 452; x_wconf 41' lang='lat'>1</span> 
     </span>
    </p>
   </div>
   <div class='ocr_carea' id='block_1_2' title="bbox 231 569 985 647">
    <p class='ocr_par' dir='ltr' id='par_1_2' title="bbox 231 569 985 647">
     <span class='ocr_line' id='line_1_2' title="bbox 231 569 985 647; baseline 0 -17"><span class='ocrx_word' id='word_1_6' title='bbox 231 571 296 631; x_wconf 87' lang='lat' dir='ltr'><strong>Sed</strong></span> <span class='ocrx_word' id='word_1_7' title='bbox 317 587 376 647; x_wconf 94' lang='lat' dir='ltr'><strong>pro</strong></span> <span class='ocrx_word' id='word_1_8' title='bbox 398 570 501 645; x_wconf 88' lang='lat' dir='ltr'><strong>dolor,</strong></span> <span class='ocrx_word' id='word_1_9' title='bbox 521 587 620 647; x_wconf 83' lang='lat' dir='ltr'>saepe</span> <span class='ocrx_word' id='word_1_10' title='bbox 641 570 782 631; x_wconf 91' lang='lat' dir='ltr'><strong>inaniter</strong></span> <span class='ocrx_word' id='word_1_11' title='bbox 803 579 836 629; x_wconf 90' lang='lat' dir='ltr'><strong>et</strong></span> <span class='ocrx_word' id='word_1_12' title='bbox 855 569 985 630; x_wconf 82' lang='lat' dir='ltr'><strong>frustra.</strong></span> 
     </span>
    </p>
   </div>
   <div class='ocr_carea' id='block_1_3' title="bbox 231 666 1054 729">
    <p class='ocr_par' dir='ltr' id='par_1_3' title="bbox 231 666 1054 729">
     <span class='ocr_line' id='line_1_3' title="bbox 231 666 1054 729; baseline 0 -1"><span class='ocrx_word' id='word_1_13' title='bbox 231 668 312 729; x_wconf 90' lang='lat' dir='ltr'><strong>Nam</strong></span> <span class='ocrx_word' id='word_1_14' title='bbox 336 670 417 728; x_wconf 88' lang='lat' dir='ltr'><strong>haec</strong></span> <span class='ocrx_word' id='word_1_15' title='bbox 440 667 582 728; x_wconf 87' lang='lat' dir='ltr'>exterior</span> <span class='ocrx_word' id='word_1_16' title='bbox 601 667 796 728; x_wconf 88' lang='lat' dir='ltr'><strong>consolatio:</strong></span> <span class='ocrx_word' id='word_1_17' title='bbox 818 666 985 727; x_wconf 88' lang='lat' dir='ltr'><strong>interioris</strong></span> <span class='ocrx_word' id='word_1_18' title='bbox 1053 689 1054 728; x_wconf 51' lang='grc' dir='ltr'><strong>ς</strong></span> 
     </span>
    </p>
   </div>
   <div class='ocr_carea' id='block_1_4' title="bbox 193 764 1057 1803">
    <p class='ocr_par' dir='ltr' id='par_1_4' title="bbox 206 764 1056 1412">
     <span class='ocr_line' id='line_1_4' title="bbox 229 764 983 826; baseline 0 -2"><span class='ocrx_word' id='word_1_19' title='bbox 229 773 262 824; x_wconf 89' lang='lat' dir='ltr'><strong>et</strong></span> <span class='ocrx_word' id='word_1_20' title='bbox 296 764 425 825; x_wconf 87' lang='lat' dir='ltr'><strong>divinae</strong></span> <span class='ocrx_word' id='word_1_21' title='bbox 457 765 690 826; x_wconf 87' lang='lat' dir='ltr'><strong>consolationis</strong></span> <span class='ocrx_word' id='word_1_22' title='bbox 720 782 786 825; x_wconf 93' lang='lat' dir='ltr'><strong>non</strong></span> <span class='ocrx_word' id='word_1_23' title='bbox 819 764 983 824; x_wconf 92' lang='lat' dir='ltr'><strong>modicum</strong></span> 
     </span>
     <span class='ocr_line' id='line_1_5' title="bbox 229 862 985 939; baseline 0.001 -17"><span class='ocrx_word' id='word_1_24' title='bbox 229 862 460 922; x_wconf 85' lang='lat' dir='ltr'><strong>detrimentum</strong></span> <span class='ocrx_word' id='word_1_25' title='bbox 490 872 550 923; x_wconf 89' lang='lat' dir='ltr'><strong>est.</strong></span> <span class='ocrx_word' id='word_1_26' title='bbox 601 863 677 923; x_wconf 93' lang='lat' dir='ltr'><strong>ldeo</strong></span> <span class='ocrx_word' id='word_1_27' title='bbox 706 863 904 939; x_wconf 86' lang='lat' dir='ltr'><strong>vigilandum</strong></span> <span class='ocrx_word' id='word_1_28' title='bbox 934 872 985 923; x_wconf 89' lang='lat' dir='ltr'><strong>est</strong></span> 
     </span>
     <span class='ocr_line' id='line_1_6' title="bbox 206 960 1055 1037; baseline 0 -17"><span class='ocrx_word' id='word_1_29' title='bbox 206 969 262 1021; x_wconf 81' lang='lat' dir='ltr'><strong>set</strong></span> <span class='ocrx_word' id='word_1_30' title='bbox 283 961 457 1020; x_wconf 86' lang='lat' dir='ltr'><strong>orandum:</strong></span> <span class='ocrx_word' id='word_1_31' title='bbox 486 977 528 1021; x_wconf 93' lang='lat' dir='ltr'><strong>ne</strong></span> <span class='ocrx_word' id='word_1_32' title='bbox 550 969 680 1037; x_wconf 90' lang='lat' dir='ltr'><strong>tempus</strong></span> <span class='ocrx_word' id='word_1_33' title='bbox 702 961 806 1021; x_wconf 92' lang='lat' dir='ltr'><strong>otiose</strong></span> <span class='ocrx_word' id='word_1_34' title='bbox 830 969 983 1020; x_wconf 85' lang='lat' dir='ltr'><strong>transeat.</strong></span> <span class='ocrx_word' id='word_1_35' title='bbox 1054 960 1055 1012; x_wconf 80' lang='grc' dir='ltr'>ἶ</span> 
     </span>
     <span class='ocr_line' id='line_1_7' title="bbox 229 1056 984 1135; baseline -0.001 -18"><span class='ocrx_word' id='word_1_36' title='bbox 229 1057 263 1118; x_wconf 88' lang='lat' dir='ltr'><strong>Si</strong></span> <span class='ocrx_word' id='word_1_37' title='bbox 286 1059 375 1135; x_wconf 91' lang='lat' dir='ltr'><strong>loqui</strong></span> <span class='ocrx_word' id='word_1_38' title='bbox 397 1058 474 1118; x_wconf 90' lang='lat' dir='ltr'><strong>licet</strong></span> <span class='ocrx_word' id='word_1_39' title='bbox 495 1068 528 1118; x_wconf 89' lang='lat' dir='ltr'><strong>et</strong></span> <span class='ocrx_word' id='word_1_40' title='bbox 549 1059 694 1134; x_wconf 87' lang='lat' dir='ltr'><strong>expedit:</strong></span> <span class='ocrx_word' id='word_1_41' title='bbox 723 1074 807 1135; x_wconf 90' lang='lat' dir='ltr'><strong>quae</strong></span> <span class='ocrx_word' id='word_1_42' title='bbox 835 1056 984 1117; x_wconf 86' lang='lat' dir='ltr'><strong>aedifica-</strong></span> 
     </span>
     <span class='ocr_line' id='line_1_8' title="bbox 227 1155 984 1232; baseline 0 -18"><span class='ocrx_word' id='word_1_43' title='bbox 227 1155 305 1214; x_wconf 92' lang='lat' dir='ltr'><strong>bilia</strong></span> <span class='ocrx_word' id='word_1_44' title='bbox 326 1164 403 1215; x_wconf 91' lang='lat' dir='ltr'><strong>sunt</strong></span> <span class='ocrx_word' id='word_1_45' title='bbox 423 1156 568 1232; x_wconf 90' lang='lat' dir='ltr'><strong>loquere.</strong></span> <span class='ocrx_word' id='word_1_46' title='bbox 598 1157 707 1216; x_wconf 83' lang='lat' dir='ltr'><strong>Malus</strong></span> <span class='ocrx_word' id='word_1_47' title='bbox 721 1173 802 1216; x_wconf 89' lang='lat' dir='ltr'><strong>usus</strong></span> <span class='ocrx_word' id='word_1_48' title='bbox 824 1164 856 1216; x_wconf 91' lang='lat' dir='ltr'><strong>et</strong></span> <span class='ocrx_word' id='word_1_49' title='bbox 875 1155 984 1231; x_wconf 88' lang='lat' dir='ltr'><strong>negle-</strong></span> 
     </span>
     <span class='ocr_line' id='line_1_9' title="bbox 227 1242 1056 1329; baseline 0 -17"><span class='ocrx_word' id='word_1_50' title='bbox 227 1252 336 1329; x_wconf 85' lang='lat' dir='ltr'><strong>gentia</strong></span> <span class='ocrx_word' id='word_1_51' title='bbox 357 1253 525 1328; x_wconf 88' lang='lat' dir='ltr'><strong>profectus</strong></span> <span class='ocrx_word' id='word_1_52' title='bbox 542 1253 662 1314; x_wconf 85' lang='lat' dir='ltr'><strong>nostri:</strong></span> <span class='ocrx_word' id='word_1_53' title='bbox 684 1254 822 1314; x_wconf 91' lang='lat' dir='ltr'><strong>multum</strong></span> <span class='ocrx_word' id='word_1_54' title='bbox 845 1252 922 1312; x_wconf 89' lang='lat' dir='ltr'><strong>iacit</strong></span> <span class='ocrx_word' id='word_1_55' title='bbox 944 1251 983 1312; x_wconf 95' lang='lat' dir='ltr'><strong>ad</strong></span> <span class='ocrx_word' id='word_1_56' title='bbox 1055 1242 1056 1252; x_wconf 43' lang='lat'>¹</span> 
     </span>
     <span class='ocr_line' id='line_1_10' title="bbox 227 1350 982 1412; baseline -0.001 -2"><span class='ocrx_word' id='word_1_57' title='bbox 227 1351 443 1412; x_wconf 89' lang='lat' dir='ltr'><strong>incustodiam</strong></span> <span class='ocrx_word' id='word_1_58' title='bbox 460 1351 527 1411; x_wconf 90' lang='lat' dir='ltr'><strong>oris</strong></span> <span class='ocrx_word' id='word_1_59' title='bbox 543 1350 656 1411; x_wconf 88' lang='lat' dir='ltr'><strong>nostri.</strong></span> <span class='ocrx_word' id='word_1_60' title='bbox 687 1351 778 1411; x_wconf 89' lang='lat' dir='ltr'><strong>iuvat</strong></span> <span class='ocrx_word' id='word_1_61' title='bbox 792 1361 900 1412; x_wconf 88' lang='lat' dir='ltr'><strong>tamen</strong></span> <span class='ocrx_word' id='word_1_62' title='bbox 917 1366 982 1410; x_wconf 92' lang='lat' dir='ltr'><strong>non</strong></span> 
     </span>
    </p>

    <p class='ocr_par' dir='ltr' id='par_1_5' title="bbox 193 1445 1057 1803">
     <span class='ocr_line' id='line_1_11' title="bbox 193 1445 1057 1532; baseline -0.007 -21"><span class='ocrx_word' id='word_1_63' title='bbox 193 1465 340 1524; x_wconf 82' lang='lat' dir='ltr'><strong>raparum</strong></span> <span class='ocrx_word' id='word_1_64' title='bbox 364 1450 402 1509; x_wconf 90' lang='lat' dir='ltr'><strong>ad</strong></span> <span class='ocrx_word' id='word_1_65' title='bbox 424 1448 607 1525; x_wconf 87' lang='lat' dir='ltr'><strong>proiectum</strong></span> <span class='ocrx_word' id='word_1_66' title='bbox 630 1448 843 1525; x_wconf 87' lang='lat' dir='ltr'><strong>spiritualem,</strong></span> <span class='ocrx_word' id='word_1_67' title='bbox 867 1445 984 1506; x_wconf 89' lang='lat' dir='ltr'><strong>devota</strong></span> <span class='ocrx_word' id='word_1_68' title='bbox 1056 1524 1057 1532; x_wconf 8' lang='grc' dir='ltr'>ἵ</span> 
     </span>
     <span class='ocr_line' id='line_1_12' title="bbox 227 1537 1057 1622; baseline -0.001 -17"><span class='ocrx_word' id='word_1_69' title='bbox 227 1545 444 1622; x_wconf 83' lang='lat' dir='ltr'><strong>spiritualium</strong></span> <span class='ocrx_word' id='word_1_70' title='bbox 468 1565 577 1608; x_wconf 89' lang='lat' dir='ltr'><strong>rerum</strong></span> <span class='ocrx_word' id='word_1_71' title='bbox 601 1545 747 1606; x_wconf 88' lang='lat' dir='ltr'><strong>collatio:</strong></span> <span class='ocrx_word' id='word_1_72' title='bbox 769 1543 909 1605; x_wconf 87' lang='lat' dir='ltr'><strong>maxime</strong></span> <span class='ocrx_word' id='word_1_73' title='bbox 927 1545 983 1604; x_wconf 94' lang='lat' dir='ltr'><strong>ubi</strong></span> <span class='ocrx_word' id='word_1_74' title='bbox 1056 1537 1057 1540; x_wconf 51' lang='lat'>&#39;</span> 
     </span>
     <span class='ocr_line' id='line_1_13' title="bbox 227 1641 985 1721; baseline -0.003 -18"><span class='ocrx_word' id='word_1_75' title='bbox 227 1661 322 1720; x_wconf 88' lang='lat' dir='ltr'><strong>pares</strong></span> <span class='ocrx_word' id='word_1_76' title='bbox 348 1645 457 1705; x_wconf 86' lang='lat' dir='ltr'><strong>animo</strong></span> <span class='ocrx_word' id='word_1_77' title='bbox 486 1655 519 1706; x_wconf 95' lang='lat' dir='ltr'><strong>et</strong></span> <span class='ocrx_word' id='word_1_78' title='bbox 547 1644 662 1721; x_wconf 91' lang='lat' dir='ltr'><strong>spiritu</strong></span> <span class='ocrx_word' id='word_1_79' title='bbox 691 1644 726 1703; x_wconf 95' lang='lat' dir='ltr'><strong>in</strong></span> <span class='ocrx_word' id='word_1_80' title='bbox 749 1644 819 1703; x_wconf 88' lang='lat' dir='ltr'><strong>Deo</strong></span> <span class='ocrx_word' id='word_1_81' title='bbox 846 1641 908 1702; x_wconf 87' lang='lat' dir='ltr'><strong>sibi</strong></span> <span class='ocrx_word' id='word_1_82' title='bbox 931 1659 985 1702; x_wconf 88' lang='lat' dir='ltr'><strong>so-</strong></span> 
     </span>
     <span class='ocr_line' id='line_1_14' title="bbox 227 1742 363 1803; baseline 0.007 -1"><span class='ocrx_word' id='word_1_83' title='bbox 227 1742 363 1803; x_wconf 87' lang='lat' dir='ltr'><strong>ciantur.</strong></span> 
     </span>
    </p>
   </div>
   <div class='ocr_carea' id='block_1_5' title="bbox 193 1901 967 2096">
    <p class='ocr_par' dir='ltr' id='par_1_6' title="bbox 193 1901 967 2096">
     <span class='ocr_line' id='line_1_15' title="bbox 243 1901 967 2015; baseline -0.004 -16"><span class='ocrx_word' id='word_1_84' title='bbox 243 1939 300 1999; x_wconf 81' lang='lat' dir='ltr'><strong>oa</strong></span> <span class='ocrx_word' id='word_1_85' title='bbox 323 1937 439 1999; x_wconf 81' lang='lat' dir='ltr'><strong>rnca</strong></span> <span class='ocrx_word' id='word_1_86' title='bbox 461 1935 756 2015; x_wconf 77' lang='lat' dir='ltr'><strong>ncovmaunn</strong></span> <span class='ocrx_word' id='word_1_87' title='bbox 780 1935 832 1996; x_wconf 80' lang='lat' dir='ltr'><strong>ar</strong></span> <span class='ocrx_word' id='word_1_88' title='bbox 853 1901 967 1996; x_wconf 75' lang='lat' dir='ltr'><strong>iano</strong></span> 
     </span>
     <span class='ocr_line' id='line_1_16' title="bbox 193 2034 754 2096; baseline 0 -2"><span class='ocrx_word' id='word_1_89' title='bbox 193 2054 217 2095; x_wconf 88' lang='lat'><strong>15</strong></span> <span class='ocrx_word' id='word_1_90' title='bbox 457 2034 754 2096; x_wconf 75' lang='lat' dir='ltr'><strong>rnorrcmnnr.</strong></span> 
     </span>
    </p>
   </div>
   <div class='ocr_carea' id='block_1_6' title="bbox 472 2189 738 2240">
    <p class='ocr_par' dir='ltr' id='par_1_7' title="bbox 472 2189 738 2240">
     <span class='ocr_line' id='line_1_17' title="bbox 472 2189 738 2240; baseline -0.008 0"><span class='ocrx_word' id='word_1_91' title='bbox 472 2190 678 2240; x_wconf 81' lang='lat' dir='ltr'>CAPITVLVM</span> <span class='ocrx_word' id='word_1_92' title='bbox 696 2189 738 2238; x_wconf 91' lang='lat' dir='ltr'><strong>XI.</strong></span> 
     </span>
    </p>
   </div>
   <div class='ocr_carea' id='block_1_7' title="bbox 189 2267 985 3464">
    <p class='ocr_par' dir='ltr' id='par_1_8' title="bbox 189 2267 985 3464">
     <span class='ocr_line' id='line_1_18' title="bbox 226 2267 984 2488; baseline -0.004 -102"><span class='ocrx_word' id='word_1_93' title='bbox 226 2267 457 2488; x_wconf 45' lang='lat' dir='ltr'><strong>ffivltam</strong></span> <span class='ocrx_word' id='word_1_94' title='bbox 473 2344 648 2402; x_wconf 88' lang='lat' dir='ltr'><strong>possemus</strong></span> <span class='ocrx_word' id='word_1_95' title='bbox 664 2343 776 2402; x_wconf 88' lang='lat' dir='ltr'><strong>pacem</strong></span> <span class='ocrx_word' id='word_1_96' title='bbox 793 2325 931 2384; x_wconf 84' lang='lat' dir='ltr'><strong>habere:</strong></span> <span class='ocrx_word' id='word_1_97' title='bbox 954 2325 984 2384; x_wconf 90' lang='lat' dir='ltr'><strong>si</strong></span> 
     </span>
     <span class='ocr_line' id='line_1_19' title="bbox 228 2384 983 2487; baseline -0.004 -2"><span class='ocrx_word' id='word_1_98' title='bbox 228 2384 239 2464; x_wconf 53' lang='lat'>5</span> <span class='ocrx_word' id='word_1_99' title='bbox 371 2442 436 2485; x_wconf 92' lang='lat' dir='ltr'><strong>non</strong></span> <span class='ocrx_word' id='word_1_100' title='bbox 466 2426 628 2487; x_wconf 84' lang='lat' dir='ltr'><strong>vellemus</strong></span> <span class='ocrx_word' id='word_1_101' title='bbox 656 2443 717 2486; x_wconf 93' lang='lat' dir='ltr'><strong>nos</strong></span> <span class='ocrx_word' id='word_1_102' title='bbox 740 2442 814 2484; x_wconf 93' lang='lat' dir='ltr'><strong>curn</strong></span> <span class='ocrx_word' id='word_1_103' title='bbox 843 2422 983 2484; x_wconf 90' lang='lat' dir='ltr'><strong>aliorum</strong></span> 
     </span>
     <span class='ocr_line' id='line_1_20' title="bbox 226 2523 983 2603; baseline -0.004 -21"><span class='ocrx_word' id='word_1_104' title='bbox 226 2523 321 2582; x_wconf 91' lang='lat' dir='ltr'><strong>dictis</strong></span> <span class='ocrx_word' id='word_1_105' title='bbox 344 2532 376 2582; x_wconf 98' lang='lat' dir='ltr'><strong>et</strong></span> <span class='ocrx_word' id='word_1_106' title='bbox 399 2523 496 2584; x_wconf 88' lang='lat' dir='ltr'><strong>iactis</strong></span> <span class='ocrx_word' id='word_1_107' title='bbox 508 2534 541 2585; x_wconf 93' lang='lat' dir='ltr'><strong>et</strong></span> <span class='ocrx_word' id='word_1_108' title='bbox 556 2542 638 2603; x_wconf 86' lang='lat' dir='ltr'><strong>quae</strong></span> <span class='ocrx_word' id='word_1_109' title='bbox 654 2526 693 2584; x_wconf 86' lang='lat' dir='ltr'><strong>ad</strong></span> <span class='ocrx_word' id='word_1_110' title='bbox 709 2532 853 2583; x_wconf 92' lang='lat' dir='ltr'><strong>nostram</strong></span> <span class='ocrx_word' id='word_1_111' title='bbox 870 2537 983 2582; x_wconf 88' lang='lat' dir='ltr'><strong>curam</strong></span> 
     </span>
     <span class='ocr_line' id='line_1_21' title="bbox 189 2621 985 2699; baseline -0.003 -17"><span class='ocrx_word' id='word_1_112' title='bbox 189 2636 291 2682; x_wconf 86' lang='lat' dir='ltr'><strong>aonon</strong></span> <span class='ocrx_word' id='word_1_113' title='bbox 314 2629 652 2698; x_wconf 71' lang='lat' dir='ltr'><strong>spectant-occupare.</strong></span> <span class='ocrx_word' id='word_1_114' title='bbox 686 2621 859 2699; x_wconf 90' lang='lat' dir='ltr'><strong>Quomodo</strong></span> <span class='ocrx_word' id='word_1_115' title='bbox 876 2628 985 2696; x_wconf 90' lang='lat' dir='ltr'><strong>potest</strong></span> 
     </span>
     <span class='ocr_line' id='line_1_22' title="bbox 225 2717 984 2796; baseline -0.001 -20"><span class='ocrx_word' id='word_1_116' title='bbox 225 2717 280 2778; x_wconf 91' lang='lat' dir='ltr'><strong>ille</strong></span> <span class='ocrx_word' id='word_1_117' title='bbox 296 2717 350 2778; x_wconf 93' lang='lat' dir='ltr'><strong>diu</strong></span> <span class='ocrx_word' id='word_1_118' title='bbox 367 2718 400 2777; x_wconf 92' lang='lat' dir='ltr'><strong>in</strong></span> <span class='ocrx_word' id='word_1_119' title='bbox 417 2735 496 2794; x_wconf 89' lang='lat' dir='ltr'><strong>pace</strong></span> <span class='ocrx_word' id='word_1_120' title='bbox 512 2736 663 2796; x_wconf 83' lang='lat' dir='ltr'><strong>manere3</strong></span> <span class='ocrx_word' id='word_1_121' title='bbox 685 2719 740 2796; x_wconf 91' lang='lat' dir='ltr'><strong>qui</strong></span> <span class='ocrx_word' id='word_1_122' title='bbox 761 2719 878 2780; x_wconf 89' lang='lat' dir='ltr'><strong>alienis</strong></span> <span class='ocrx_word' id='word_1_123' title='bbox 893 2717 984 2777; x_wconf 90' lang='lat' dir='ltr'><strong>curis</strong></span> 
     </span>
     <span class='ocr_line' id='line_1_23' title="bbox 225 2815 984 2895; baseline 0 -21"><span class='ocrx_word' id='word_1_124' title='bbox 225 2832 261 2875; x_wconf 89' lang='lat' dir='ltr'><strong>se</strong></span> <span class='ocrx_word' id='word_1_125' title='bbox 277 2815 491 2892; x_wconf 88' lang='lat' dir='ltr'><strong>intermiscet,</strong></span> <span class='ocrx_word' id='word_1_126' title='bbox 513 2818 567 2895; x_wconf 92' lang='lat' dir='ltr'><strong>qui</strong></span> <span class='ocrx_word' id='word_1_127' title='bbox 589 2818 780 2878; x_wconf 84' lang='lat' dir='ltr'><strong>occasiones</strong></span> <span class='ocrx_word' id='word_1_128' title='bbox 796 2816 984 2876; x_wconf 84' lang='lat' dir='ltr'><strong>lorinsecus</strong></span> 
     </span>
     <span class='ocr_line' id='line_1_24' title="bbox 225 2913 983 2990; baseline -0.003 -17"><span class='ocrx_word' id='word_1_129' title='bbox 225 2914 361 2990; x_wconf 89' lang='lat' dir='ltr'><strong>quaerit,</strong></span> <span class='ocrx_word' id='word_1_130' title='bbox 376 2913 431 2990; x_wconf 90' lang='lat' dir='ltr'><strong>qui</strong></span> <span class='ocrx_word' id='word_1_131' title='bbox 447 2931 561 2990; x_wconf 90' lang='lat' dir='ltr'><strong>parum</strong></span> <span class='ocrx_word' id='word_1_132' title='bbox 578 2916 630 2976; x_wconf 90' lang='lat' dir='ltr'><strong>vel</strong></span> <span class='ocrx_word' id='word_1_133' title='bbox 646 2931 718 2974; x_wconf 86' lang='lat' dir='ltr'><strong>raro</strong></span> <span class='ocrx_word' id='word_1_134' title='bbox 734 2931 771 2975; x_wconf 92' lang='lat' dir='ltr'><strong>se</strong></span> <span class='ocrx_word' id='word_1_135' title='bbox 782 2914 983 2975; x_wconf 91' lang='lat' dir='ltr'><strong>intrinsecus</strong></span> 
     </span>
     <span class='ocr_line' id='line_1_25' title="bbox 225 3010 983 3090; baseline -0.004 -18"><span class='ocrx_word' id='word_1_136' title='bbox 225 3013 374 3090; x_wconf 82' lang='lat' dir='ltr'><strong>colligit?</strong></span> <span class='ocrx_word' id='word_1_137' title='bbox 403 3013 495 3073; x_wconf 90' lang='lat' dir='ltr'><strong>Beati</strong></span> <span class='ocrx_word' id='word_1_138' title='bbox 519 3013 702 3089; x_wconf 90' lang='lat' dir='ltr'><strong>simplices:</strong></span> <span class='ocrx_word' id='word_1_139' title='bbox 725 3012 878 3088; x_wconf 89' lang='lat' dir='ltr'><strong>quoniam</strong></span> <span class='ocrx_word' id='word_1_140' title='bbox 900 3010 983 3070; x_wconf 94' lang='lat' dir='ltr'><strong>mul-</strong></span> 
     </span>
     <span class='ocr_line' id='line_1_26' title="bbox 189 3108 981 3187; baseline -0.004 -17"><span class='ocrx_word' id='word_1_141' title='bbox 189 3120 289 3171; x_wconf 82' lang='lat' dir='ltr'><strong>25tam</strong></span> <span class='ocrx_word' id='word_1_142' title='bbox 326 3128 439 3187; x_wconf 90' lang='lat' dir='ltr'><strong>pacem</strong></span> <span class='ocrx_word' id='word_1_143' title='bbox 476 3111 650 3170; x_wconf 88' lang='lat' dir='ltr'><strong>habebunt.</strong></span> <span class='ocrx_word' id='word_1_144' title='bbox 703 3108 814 3186; x_wconf 84' lang='lat' dir='ltr'><strong>Quare</strong></span> <span class='ocrx_word' id='word_1_145' title='bbox 850 3109 981 3186; x_wconf 89' lang='lat' dir='ltr'><strong>quidam</strong></span> 
     </span>
     <span class='ocr_line' id='line_1_27' title="bbox 225 3203 982 3284; baseline -0.007 -15"><span class='ocrx_word' id='word_1_146' title='bbox 225 3219 411 3269; x_wconf 91' lang='lat' dir='ltr'><strong>sanctorum</strong></span> <span class='ocrx_word' id='word_1_147' title='bbox 435 3219 498 3269; x_wconf 90' lang='lat' dir='ltr'><strong>tam</strong></span> <span class='ocrx_word' id='word_1_148' title='bbox 521 3206 658 3284; x_wconf 85' lang='lat' dir='ltr'><strong>perfecti</strong></span> <span class='ocrx_word' id='word_1_149' title='bbox 684 3216 716 3267; x_wconf 88' lang='lat' dir='ltr'><strong>et</strong></span> <span class='ocrx_word' id='word_1_150' title='bbox 738 3203 982 3282; x_wconf 90' lang='lat' dir='ltr'><strong>contemplativi</strong></span> 
     </span>
     <span class='ocr_line' id='line_1_28' title="bbox 227 3302 982 3382; baseline -0.005 -17"><span class='ocrx_word' id='word_1_151' title='bbox 227 3305 385 3366; x_wconf 79' lang='lat' dir='ltr'><strong>fuerunt?</strong></span> <span class='ocrx_word' id='word_1_152' title='bbox 428 3305 515 3382; x_wconf 91' lang='lat' dir='ltr'><strong>Quia</strong></span> <span class='ocrx_word' id='word_1_153' title='bbox 537 3304 670 3364; x_wconf 93' lang='lat' dir='ltr'><strong>omnino</strong></span> <span class='ocrx_word' id='word_1_154' title='bbox 699 3321 735 3364; x_wconf 89' lang='lat' dir='ltr'><strong>se</strong></span> <span class='ocrx_word' id='word_1_155' title='bbox 753 3305 850 3380; x_wconf 87' lang='lat' dir='ltr'><strong>ipsos</strong></span> <span class='ocrx_word' id='word_1_156' title='bbox 872 3302 982 3382; x_wconf 88' lang='lat' dir='ltr'><strong>morti·</strong></span> 
     </span>
     <span class='ocr_line' id='line_1_29' title="bbox 226 3399 983 3464; baseline -0.005 -2"><span class='ocrx_word' id='word_1_157' title='bbox 226 3403 322 3464; x_wconf 83' lang='lat' dir='ltr'><strong>ficare</strong></span> <span class='ocrx_word' id='word_1_158' title='bbox 358 3404 398 3462; x_wconf 94' lang='lat' dir='ltr'><strong>ab</strong></span> <span class='ocrx_word' id='word_1_159' title='bbox 434 3404 587 3464; x_wconf 91' lang='lat' dir='ltr'><strong>omnibus</strong></span> <span class='ocrx_word' id='word_1_160' title='bbox 628 3402 768 3463; x_wconf 88' lang='lat' dir='ltr'><strong>terrenis</strong></span> <span class='ocrx_word' id='word_1_161' title='bbox 809 3399 983 3460; x_wconf 90' lang='lat' dir='ltr'><strong>desideriis</strong></span> 
     </span>
    </p>
   </div>
   <div class='ocr_carea' id='block_1_8' title="bbox 225 3498 983 3644">
    <p class='ocr_par' dir='ltr' id='par_1_9' title="bbox 225 3498 983 3644">
     <span class='ocr_line' id='line_1_30' title="bbox 225 3498 983 3561; baseline -0.003 -2"><span class='ocrx_word' id='word_1_162' title='bbox 225 3502 443 3561; x_wconf 75' lang='lat' dir='ltr'><strong>studueruntz·</strong></span> <span class='ocrx_word' id='word_1_163' title='bbox 461 3511 493 3561; x_wconf 93' lang='lat' dir='ltr'><strong>et</strong></span> <span class='ocrx_word' id='word_1_164' title='bbox 515 3501 588 3560; x_wconf 90' lang='lat' dir='ltr'><strong>ideo</strong></span> <span class='ocrx_word' id='word_1_165' title='bbox 611 3500 688 3559; x_wconf 91' lang='lat' dir='ltr'><strong>totis</strong></span> <span class='ocrx_word' id='word_1_166' title='bbox 703 3499 856 3560; x_wconf 90' lang='lat' dir='ltr'><strong>medullis</strong></span> <span class='ocrx_word' id='word_1_167' title='bbox 873 3498 983 3558; x_wconf 87' lang='lat' dir='ltr'><strong>cordis</strong></span> 
     </span>
     <span class='ocr_line' id='line_1_31' title="bbox 594 3593 687 3644; baseline 0.011 -1"><span class='ocrx_word' id='word_1_168' title='bbox 594 3603 618 3644; x_wconf 84' lang='lat' dir='ltr'><strong>rs</strong></span> <span class='ocrx_word' id='word_1_169' title='bbox 683 3593 687 3604; x_wconf 67' lang='lat'><strong>⁴</strong></span> 
     </span>
    </p>
   </div>
   <div class='ocr_carea' id='block_1_9' title="bbox 0 0 1076 4194">
    <p class='ocr_par' dir='ltr' id='par_1_10' title="bbox 0 0 1076 4194">
     <span class='ocr_line' id='line_1_32' title="bbox 0 0 1076 4194; baseline 0 0"><span class='ocrx_word' id='word_1_170' title='bbox 0 0 1076 4194; x_wconf 95' lang='lat' dir='ltr'><strong> </strong></span> 
     </span>
    </p>
   </div>
  </div>
 </body>
</html>
