2138 4196
218 427 338 480 nmo:
410 426 783 470 osrmrnrronecumsrr
855 429 985 482 [comm

218 560 362 636 operatio
385 569 455 620 tua:
484 577 549 619 non
572 562 714 621 humana
735 562 897 638 potentia3
926 571 985 622 tua

219 675 310 717 sacra
331 658 509 719 institutio:
531 674 597 718 non
613 658 755 718 hominis
778 659 983 720 adinventio.

219 755 293 815 Non
305 755 392 814 enim
404 756 442 816 ad
454 758 535 815 haec
546 756 704 832 capienda
714 767 747 817 et
757 757 985 834 intellegenda

218 853 336 929 aliquis
365 854 504 914 idoneus
532 871 591 929 per
619 871 656 914 se
685 853 862 931 reperitur:
894 872 983 932 quae

195 951 396 1027 sangelicam
406 950 502 1011 etiam
512 950 982 1014 subtilitatemtranscendunt.

219 1047 308 1124 Quid
330 1065 406 1125 ergo
429 1065 488 1124 ego
508 1058 660 1124 peccator
674 1048 827 1126 indignus
842 1060 932 1110 terra
949 1061 982 1111 et

218 1145 318 1220 cinis3
347 1146 387 1205 de
415 1156 479 1206 tam
502 1147 566 1207 alto
595 1165 688 1207 sacro
712 1157 839 1207 secreto
861 1159 981 1224 potero

218 1243 414 1320 investigare
437 1255 469 1304 et
490 1245 635 1320 capere?
678 1246 818 1306 Domine
842 1245 876 1305 in
899 1247 981 1306 sim·
1055 1323 1056 1326 Ἴ

219 1341 360 1416 plicitate
384 1342 492 1402 cordis
521 1343 585 1402 mei
615 1343 648 1402 in
677 1343 762 1402 bona
790 1343 883 1402 firma
913 1344 981 1404 fide

184 1457 209 1498 10
219 1449 251 1499 et
272 1439 305 1498 in
327 1449 382 1499 tua
403 1439 550 1500 iussione
574 1440 614 1499 ad
635 1450 667 1500 te
689 1457 763 1500 cum
786 1457 845 1516 spe
867 1459 904 1501 ac
928 1459 981 1502 re-

218 1536 365 1596 verentia
386 1537 523 1611 acced03
552 1547 584 1597 et
605 1555 684 1598 vere
706 1539 820 1598 credo:
843 1539 921 1615 quia
943 1550 979 1600 tu

218 1651 375 1710 praesens
405 1651 441 1693 es
463 1633 516 1693 hic
545 1633 578 1693 in
603 1645 806 1696 sacramento
830 1637 923 1696 Deus
947 1647 981 1697 et

218 1734 326 1792 homo.
362 1732 421 1791 Vis
444 1749 520 1808 ergo
543 1741 577 1792 ut
599 1742 630 1792 te
652 1733 845 1810 suscipiam:
868 1744 901 1794 et
924 1753 979 1795 me

218 1831 325 1907 ipsum
348 1830 404 1890 tibi
427 1831 460 1890 in
477 1830 608 1890 caritate
628 1831 747 1892 uniam.
777 1831 871 1891 Vnde
887 1842 978 1892 tuam

184 1948 209 1988 15
218 1945 334 2004 precor
356 1928 577 2003 clementiam,
600 1938 631 1988 et
653 1929 828 2005 specialem
851 1929 890 1988 ad
913 1930 979 1990 hoc

219 2025 356 2100 imploro
379 2024 458 2084 mihi
475 2024 586 2084 donari
602 2025 754 2101 gratiam3
777 2035 811 2085 ut
832 2035 921 2086 totus
944 2027 978 2087 in
1055 2029 1056 2050 ³

218 2133 250 2183 te
273 2121 436 2198 liquefiam
460 2132 492 2182 et
514 2139 624 2182 amore
646 2123 856 2199 pereffluam:
878 2136 978 2203 atque

219 2221 259 2280 de
281 2220 370 2279 nulla
391 2220 497 2279 aliena
519 2221 742 2281 consolatione
760 2221 900 2297 amplius
924 2241 978 2283 me
1055 2231 1056 2250 ³

218 2316 439 2377 intromittam.
477 2317 532 2378 Est
548 2318 634 2378 enim
654 2319 716 2378 hoc
732 2319 929 2380 altissimum
946 2332 979 2382 et

181 2415 979 2491 aodignissimumsacramentum,salusanimaeet

219 2511 381 2586 corporis;
410 2513 571 2572 medicina
599 2513 706 2573 omnis
731 2514 887 2591 spiritalis
910 2517 979 2575 lan·

218 2610 345 2686 guoris:
368 2610 400 2669 in
423 2627 487 2686 quo
509 2611 587 2671 vitia
609 2629 682 2671 mea
704 2621 874 2685 curantur,
904 2628 978 2687 pas-

218 2708 330 2768 siones
347 2709 530 2784 frenantur,
545 2709 774 2786 temptationes
789 2709 978 2784 vincuntur,
1055 2757 1056 2762 1

219 2816 273 2866 aut
302 2806 508 2866 minuuntur:
535 2806 637 2882 gratia
659 2806 761 2866 maior
782 2805 977 2881 infunditur,

182 2923 209 2964 25
219 2903 322 2963 virtus
333 2903 461 2979 incepta
472 2913 620 2980 augetur3
636 2903 782 2964 firmatur
795 2903 887 2979 fides,
898 2922 976 2982 spes

220 3001 404 3061 roboratur:
427 3010 458 3061 et
478 3001 594 3061 caritas
610 3002 748 3078 ignescit
762 3019 799 3060 ac
815 3001 976 3063 dilatatur.

260 3099 364 3160 Multa
385 3116 526 3175 namque
547 3099 632 3159 bona
654 3099 787 3176 largitus
810 3116 846 3158 es
869 3109 901 3159 et
923 3101 977 3159 ad-

219 3197 283 3256 huc
299 3197 430 3274 saepius
446 3198 572 3274 largiris
587 3198 621 3258 in
632 3206 835 3258 sacramento
847 3197 976 3258 dilectis

219 3294 284 3354 tuis
300 3295 415 3355 devote
431 3295 748 3355 communicantibus
764 3296 855 3355 Deus
870 3312 976 3370 meus,

183 3413 210 3454 so
220 3402 392 3468 susceptor
405 3392 532 3452 animae
544 3409 649 3452 meae:
665 3402 830 3469 reparator
840 3392 976 3454 infirmi·

219 3489 294 3549 tatis
316 3490 494 3564 humanae,
523 3499 555 3549 et
582 3489 681 3550 totius
711 3491 802 3551 dator
828 3491 975 3551 consola·

580 3594 618 3634 roa
