2146 4194
234 443 355 494 m
426 444 465 485 DE
482 443 660 488 ΙΜΙΤΑΤῙΟΝΕ
676 446 798 489 CHRISTI
870 449 996 502 &Q

235 575 404 652 Quaerant
418 577 527 638 ludaei
542 579 677 655 gloriam
695 597 778 656 quae
792 582 831 641 ab
847 581 992 642 invicem

235 683 301 733 est:
324 690 384 750 ego
406 675 489 735 hanc
511 675 675 752 requiram
697 694 781 753 quae
797 697 816 738 a
830 679 902 738 solo
920 679 992 739 Deo

234 780 295 830 est
324 770 442 832 Omnis
457 771 589 848 quidem
603 773 706 850 gloria
716 775 867 850 humana,
882 776 992 836 omnis

235 869 341 929 honor
349 870 548 946 temporalia
559 870 992 949 omnisaltitudomundana,

211 976 385 1026 saeternae
406 967 528 1043 gloriae
550 979 624 1028 tuae
643 981 841 1046 comparata:
863 969 992 1032 vanitas

234 1073 285 1124 est
306 1074 338 1124 et
359 1064 503 1125 stultitia
533 1064 562 1126 O
585 1065 706 1126 veritas
727 1084 800 1127 mea
816 1077 848 1128 et
862 1068 992 1128 miseri·

234 1161 344 1221 cordia
372 1178 445 1221 mea
469 1162 560 1222 Deus
588 1179 682 1223 meus
710 1162 851 1224 Trinitas
879 1166 993 1242 beata3

233 1258 290 1318 tibi
322 1258 383 1319 soli
415 1259 486 1319 laus
516 1260 622 1320 honor
649 1259 754 1321 virtus
782 1263 901 1339 gloria:
933 1281 994 1340 per

234 1356 361 1417 infinita
381 1357 587 1418 saeculorum
610 1360 751 1420 saecula.

201 1568 225 1609 ro
335 1551 396 1611 DE
419 1551 709 1614 CONTEMPTV
732 1554 889 1616 OMNIS

354 1647 635 1711 TEMPORALIS
658 1650 870 1713 HONORlS.

468 1807 673 1858 CAPITVLVM
691 1809 757 1859 XLI.

236 1885 393 2106 Ἠῶ.
436 1944 511 2004 Noli
540 1944 596 2004 tibi
619 1946 798 2021 attrahere,
826 1945 853 2005 si
876 1946 994 2008 videas

365 2041 446 2101 alios
461 2043 613 2102 honorari
629 2052 662 2104 et
676 2043 813 2103 elevari:
832 2052 864 2103 te
879 2054 993 2105 autem

200 2156 224 2197 15
234 2138 357 2215 despici
381 2149 413 2200 et
433 2139 608 2200 humiliari.
647 2139 742 2216 Erige
764 2158 821 2201 cor
842 2150 936 2201 tuum
952 2143 993 2202 ad

234 2253 286 2296 me
306 2236 340 2295 in
356 2238 499 2298 caelum:
521 2247 553 2298 et
568 2254 633 2298 non
649 2237 851 2298 contristabit
865 2247 898 2298 te
913 2256 994 2299 con·

233 2343 376 2410 templus
397 2334 567 2394 hominum
590 2335 623 2394 in
643 2334 749 2395 terris
792 2335 935 2396 Domine
957 2336 993 2397 in

234 2431 388 2493 caecitate
410 2448 541 2492 sumus:
564 2442 597 2492 et
617 2432 758 2493 vanitate
776 2432 839 2493 cito
861 2433 994 2494 seduci·

234 2543 316 2589 mur.
365 2528 399 2588 Si
429 2539 517 2590 recte
545 2547 598 2590 me
627 2531 783 2607 inspicio;
810 2547 992 2608 numquam

196 2626 313 2686 aomihi
331 2625 414 2688 facta
435 2637 486 2687 est
507 2627 626 2687 iniuria
640 2628 678 2688 ab
701 2628 808 2705 aliqua
825 2637 993 2689 creatura:

234 2725 320 2784 unde
342 2741 403 2785 nec
423 2725 508 2784 iuste
522 2724 627 2785 habeo
642 2724 798 2802 conqueri
814 2725 992 2786 adversum

233 2832 274 2883 te.
321 2821 406 2899 Quia
434 2831 542 2882 autem
573 2821 762 2899 frequenter
789 2832 821 2882 et
847 2822 993 2899 graviter

233 2912 365 2995 peccavi
395 2919 469 2979 tibi:
498 2919 614 2980 merito
636 2930 778 2981 armatur
802 2929 914 2981 contra
937 2938 992 2981 me

233 3016 341 3076 omnis
356 3027 513 3078 creatura.
543 3018 625 3078 Mihi
642 3018 738 3096 igitur
752 3019 837 3078 iuste
853 3017 993 3079 debetur

196 3113 384 3176 asconiusio
407 3124 439 3175 et
461 3125 683 3192 contemptus:
708 3115 764 3176 tibi
786 3125 895 3175 autem
918 3114 992 3176 laus

234 3213 340 3272 honor
361 3222 392 3273 et
413 3213 524 3290 gloria.
554 3212 593 3273 Et
614 3213 677 3274 nisi
693 3230 746 3273 me
761 3212 800 3272 ad
815 3212 878 3272 hoc
898 3230 991 3289 prae·

233 3325 389 3384 paravero
418 3310 504 3386 quod
532 3310 630 3370 velim
661 3310 799 3371 libenter
829 3310 868 3369 ab
899 3310 990 3370 omni

233 3416 380 3467 creatura
395 3407 517 3483 despici
534 3417 566 3468 et
581 3407 732 3485 relinqui,
746 3417 843 3485 atque
857 3407 990 3483 penitus

233 3503 314 3564 nihil
336 3504 457 3580 videri3
486 3522 551 3566 non
573 3522 707 3581 possum
736 3504 876 3568 interius
905 3506 990 3584 paci·

590 3608 630 3651 218
