2146 4194
240 464 361 518 dalem
432 461 806 507 oe1u1rnr10uecrrmsrr
877 463 1003 516 mg&

243 597 378 659 Christo
410 597 552 658 lundata.
596 597 629 658 Si
661 596 705 657 ita
735 613 864 657 mecum
898 596 1001 657 ioret:

242 712 307 755 non
323 704 387 756 tam
409 695 505 755 facile
519 694 617 755 timor
632 695 795 755 humanus
810 711 863 755 me
878 695 1003 754 sollici·
1049 698 1050 770 l

242 803 343 869 taret,
379 810 440 853 nec
471 794 646 854 verborum
683 793 787 852 iacula
817 802 1002 852 moverent.
1049 793 1050 802 ’

244 889 329 967 Quis
351 889 460 949 omnia
481 890 690 967 praevidere3
713 890 787 966 quis
802 906 1004 966 praecavere

220 988 352 1048 slutura
373 988 457 1048 mala
479 987 628 1048 suflicit?
671 987 704 1048 Si
727 989 876 1064 praevisa
900 1005 1004 1064 saepe
1050 1053 1051 1070 ἶ

244 1084 340 1146 etiam
363 1085 513 1162 laedunt3
542 1085 619 1163 quid
646 1084 823 1161 improvisa
843 1085 907 1145 nisi
930 1103 1005 1162 gra·
1050 1079 1051 1092 ¹

243 1183 327 1243 viter
359 1183 507 1245 feriunt?
550 1183 613 1245 Sed
644 1201 744 1261 quare
768 1182 847 1243 mihi
877 1182 1005 1243 misero

244 1297 309 1340 non
341 1281 460 1340 melius
491 1281 645 1357 providi?
696 1280 768 1342 Cur
801 1281 898 1342 etiam
934 1291 1004 1342 tam

245 1377 340 1437 facile
356 1378 428 1442 aliis
444 1378 595 1438 credidi?
625 1378 689 1439 Sed
705 1378 856 1439 homines
873 1396 1005 1452 sumus,
1051 1396 1052 1442 l

210 1492 305 1538 ronec
328 1476 414 1535 aliud
430 1493 526 1553 quam
551 1476 682 1554 fragiles
701 1476 853 1537 homines
868 1493 1006 1537 sumus:
1051 1479 1052 1492 ¹

246 1574 343 1635 etiam
368 1574 396 1634 si
428 1575 534 1651 angeli
557 1592 575 1634 a
596 1574 708 1634 multis
730 1574 942 1635 aestimamur
972 1587 1006 1635 et

248 1671 395 1731 dicimur.
425 1671 489 1732 Cui
505 1672 634 1732 credam
652 1672 820 1733 Domine}>
836 1708 837 1711 =
855 1672 919 1734 Cui
935 1673 1003 1732 nisi

245 1768 330 1828 tibi?
378 1768 507 1830 Veritas
536 1784 573 1828 es
602 1784 684 1845 quae
713 1785 779 1828 non
809 1768 911 1844 fallis,
939 1785 1004 1829 nec

247 1866 312 1926 falli
336 1876 438 1942 potes.
468 1865 507 1926 Et
528 1883 658 1926 rursum
675 1867 782 1926 omnis
797 1867 896 1926 homo
912 1883 1004 1927 men·

212 1964 317 2039 odax,
332 1963 493 2038 infirmus,
508 1963 680 2039 instabilis,
695 1973 727 2023 et
742 1963 848 2023 labilis
861 1965 1003 2025 maxime

247 2062 422 2139 inverbis3
443 2062 488 2122 ita
509 2070 543 2121 ut
565 2060 673 2121 statim
689 2061 742 2120 vix
758 2061 847 2121 credi
870 2061 1003 2123 debeat:

248 2159 333 2236 quod
369 2169 494 2220 rectum
531 2159 563 2219 in
601 2159 684 2219 facie
714 2177 832 2220 sonare
862 2160 1004 2220 videtur.

248 2257 355 2335 Quam
371 2258 549 2334 prudenter
563 2257 796 2335 praemonuisti
820 2258 1004 2318 cavendum

246 2357 285 2416 ab
315 2355 521 2431 hominibus;
550 2366 582 2416 et
604 2356 679 2433 quia
707 2355 830 2416 inimici
858 2355 1005 2415 hominis

210 2454 417 2514 aodomestici
441 2455 530 2514 eius:
559 2472 620 2515 nec
647 2454 846 2515 credendum
877 2452 905 2512 si
930 2453 1005 2529 quis

247 2551 364 2611 dixerit
385 2568 463 2612 ecce
488 2551 541 2610 hic
570 2562 624 2612 aut
653 2568 730 2612 ecce
758 2550 834 2610 illic.
878 2550 1006 2611 Doctus

248 2666 320 2708 sum
343 2649 461 2709 damno
477 2666 568 2708 meo:
591 2659 622 2709 et
637 2649 759 2709 utinam
782 2648 820 2708 ad
843 2649 1006 2708 cautelam

248 2746 404 2806 maiorem
436 2755 468 2805 et
496 2762 562 2805 non
591 2746 630 2805 ad
660 2744 880 2822 insipientiam
913 2745 1007 2804 mihi.

249 2844 375 2905 Cautus
391 2853 462 2904 esto
477 2843 521 2903 ait
532 2843 662 2919 quidam
678 2852 794 2903 cautus
807 2851 891 2902 esto:
908 2859 1008 2903 serva

210 2962 238 3005 25
248 2942 332 3018 apud
354 2951 386 3001 te
408 2940 494 3019 quod
516 2940 598 3000 dico.
633 2940 671 3000 Et
692 2941 768 3000 dum
785 2958 844 3017 ego
866 2940 951 3000 sileo
975 2952 1008 3000 et

250 3038 474 3098 absconditum
491 3040 605 3114 credo;
627 3055 688 3098 nec
710 3039 764 3098 ille
783 3038 881 3098 silere
897 3047 1008 3114 potest

249 3137 335 3213 quod
357 3137 520 3197 silendum
543 3137 651 3215 petiit:
680 3136 738 3196 sed
767 3136 874 3196 statim
897 3137 1010 3212 prodit

248 3249 301 3293 me
323 3245 355 3293 et
377 3251 413 3294 se
436 3244 468 3294 et
485 3235 571 3296 abiit.
601 3234 651 3295 Ab
674 3234 860 3294 huiusmodi
885 3235 1008 3295 fabulis

249 3344 280 3392 et
291 3332 430 3392 incautis
442 3333 630 3393 hominibus
645 3341 778 3409 protege
793 3348 845 3392 me
862 3333 1008 3392 Domine

211 3447 290 3492 sone
320 3431 352 3490 in
376 3447 492 3491 manus
521 3448 634 3492 eorum
665 3430 821 3490 incidam:
851 3446 913 3489 nec
937 3447 1007 3490 um·

249 3545 345 3604 quam
373 3528 448 3587 talia
470 3528 678 3588 committam.
720 3527 865 3588 Verbum
889 3543 1006 3586 verum

606 3631 646 3672 224
