2178 4186
120 425 163 476 &NJ
174 423 279 466 strevis
288 421 467 465 nononttto
480 421 664 464 SPIRITVALIS
678 421 828 464 Exenctrtt
839 423 879 474 ζῶ

17 541 19 546 ’
122 556 879 636 quamstudiosi,quinumquamsacralectione

122 655 233 716 satiari
263 662 454 731 potuerunt:
486 671 582 731 quarn
612 652 795 729 ferventes,
823 654 878 730 qui

123 751 881 830 irangilaboribusnonvaluerunt.Quipropter

123 853 232 912 Deum
248 851 309 911 sibi
326 850 466 927 aliquam
481 849 670 910 violentiam
687 849 773 925 iacit,
789 851 880 910 Deus

121 949 186 1009 sibi
214 948 349 1026 gratiam
378 949 534 1009 maiorem
564 947 666 1009 dabit:
695 958 727 1008 et
756 947 819 1008 cito
846 947 902 1007 ina

120 1046 230 1106 virum
252 1047 434 1122 perfectum
450 1045 635 1106 mutabitur.
665 1044 879 1107 Consuetudo

121 1144 210 1204 mala
230 1161 289 1222 per
302 1144 420 1204 bonam
437 1143 708 1205 consuetudinem
723 1143 880 1204 vincitur:

122 1252 158 1304 et
185 1243 270 1302 bona
292 1242 494 1303 consuetudo
523 1242 652 1302 tandem
678 1242 711 1303 in
733 1251 880 1303 naturam

122 1339 281 1415 vertitur3
317 1349 353 1400 ut
383 1341 469 1417 quod
501 1339 606 1416 primo
640 1339 700 1400 fuit
730 1340 880 1401 difficile:

121 1445 239 1514 postea
260 1436 409 1498 videatur
429 1439 502 1498 leve
524 1455 561 1498 ac
585 1438 689 1499 facile.
893 1452 917 1493 ro

380 1659 437 1719 DE
460 1659 629 1722 CHORO.

123 1769 287 1990 &Hgsta
309 1829 369 1890 tria
391 1829 505 1904 oratio,
531 1829 639 1905 lectio,
663 1830 807 1906 operatio
829 1845 882 1888 oc-

252 1926 882 2004 curruntnobisfaciendainchorozquia

123 2026 170 2087 ibi
186 2027 360 2104 praecipue
377 2027 601 2103 frequentatur
616 2026 728 2101 oratio,
750 2026 782 2085 in
798 2026 882 2102 psal-

122 2123 200 2200 mis,
222 2124 354 2201 hymnis
370 2133 402 2184 et
417 2123 573 2184 collectis.
603 2123 649 2183 ibi
666 2123 763 2185 etiam
785 2122 881 2183 lectio
894 2141 918 2182 rs

123 2238 219 2282 sacra
240 2222 394 2283 recitatur
420 2221 453 2282 in
482 2221 650 2282 matutinis
676 2221 709 2281 in
732 2219 881 2297 epistulis

123 2328 159 2380 et
180 2319 376 2396 evangeiiis3
397 2336 459 2380 nec
474 2337 629 2396 umquam
638 2319 737 2380 deest
751 2319 795 2380 ibi
810 2336 882 2395 per·

125 2418 212 2478 fecta
240 2417 396 2478 eruditio:
425 2418 453 2477 si
484 2418 582 2478 fuerit
609 2418 748 2494 diligens
770 2417 882 2477 adver·

123 2515 236 2575 tentia.
273 2514 320 2575 ibi
336 2515 479 2592 loquitur
495 2517 588 2576 Iesus
604 2515 791 2575 nobiscum:
807 2531 880 2574 cum

123 2620 282 2673 cantatur.
307 2612 403 2672 Salus
413 2614 523 2690 populi
534 2631 594 2690 ego
606 2631 689 2673 sum.
714 2613 753 2672 Et
763 2611 919 2673 iterumao

123 2726 188 2770 nos
216 2709 381 2786 loquimur
409 2727 482 2770 curn
509 2710 600 2770 iesu:
629 2728 703 2770 cum
732 2709 882 2769 dicimus.

124 2808 210 2883 Spes
232 2825 305 2867 mea
328 2807 468 2868 Domine
489 2826 508 2867 a
529 2808 697 2870 iuventute
719 2825 807 2868 mea:
830 2808 883 2867 ad·

124 2905 213 2965 iutor
235 2904 268 2964 in
291 2905 585 2980 opportunitatibus
609 2906 642 2966 in
665 2906 881 2968 tribulatione.
900 2906 903 2911 ’

126 3002 174 3062 lbi
204 3012 254 3062 est
283 3003 427 3080 operatio
456 3004 541 3064 bona
564 3012 596 3064 et
617 3004 778 3079 periecta:
807 3021 881 3064 cum

126 3117 264 3176 corpore
292 3109 417 3160 stamus
446 3110 477 3162 et
505 3118 562 3161 ore
587 3111 764 3162 cantamus.
806 3101 918 3164 Nonas

126 3206 177 3258 est
203 3215 324 3275 parvus
352 3214 413 3258 nec
442 3199 666 3260 infructuosus
695 3200 800 3259 labor:
829 3199 882 3259 die

125 3305 291 3373 noctuque
314 3297 449 3355 chorum
476 3294 693 3372 frequentare.
736 3295 809 3355 Non
832 3305 883 3355 est
913 3321 916 3328 Δ
976 3350 979 3357 .

127 3393 225 3453 etiam
256 3393 382 3454 otiosus
417 3391 472 3469 qui
508 3393 625 3453 devote
661 3402 746 3453 orat:
781 3392 881 3453 immo

126 3491 289 3551 maximus
320 3491 410 3550 labor
445 3491 483 3550 ad
515 3491 694 3552 orationem
728 3509 764 3551 se
795 3492 881 3566 dare,

484 3594 525 3636 423
