2138 4196
242 460 363 512 m
434 456 669 502 berarmannus
684 458 807 502 CHRISTI
878 459 1007 512 m

243 592 464 654 sensualitatis
485 602 559 653 tuae
581 593 680 653 ostia:
702 602 737 653 ut
758 591 866 670 possis
885 593 1006 654 audire

244 691 321 768 quid
343 691 376 751 in
398 700 430 752 te
452 692 602 767 loquatur
618 689 780 752 Dominus
799 689 890 750 Deus
912 700 1005 752 tuus,

245 789 335 849 Haec
357 788 434 849 dicit
456 788 594 849 dilectus
616 797 702 848 tuus.
742 788 837 849 Salus
858 797 914 849 tua
939 805 1005 864 ego

243 902 403 962 sum:pax
413 894 467 945 tua
478 895 509 946 et
520 885 585 946 vita
595 895 659 946 tua.
682 884 783 945 Serva
793 895 825 946 te
835 884 920 962 apud
931 902 1005 944 me:

220 993 275 1044 set
296 1000 409 1060 pacem
425 983 585 1044 invenies.
615 983 750 1044 Dimitte
765 982 874 1042 omnia
894 992 1005 1042 trans·

243 1081 353 1143 itoria:
375 1097 495 1159 quaere
517 1091 658 1142 aeterna.
688 1079 776 1157 Quid
792 1089 867 1140 sunt
888 1080 1005 1139 omnia

243 1179 449 1255 temporalia3
483 1177 547 1238 nisi
583 1177 796 1238 seductoria?
847 1177 885 1238 Et
921 1177 1003 1254 quid

243 1279 354 1338 iuvant
369 1292 484 1336 omnes
499 1285 683 1352 creaturae;
705 1275 731 1335 si
755 1274 858 1335 fueris
877 1291 895 1334 a
910 1291 1004 1334 crea·

243 1385 313 1436 tore
341 1373 497 1434 deserta?
539 1371 703 1434 Omnibus
731 1389 808 1449 ergo
832 1371 1004 1447 abdicatis,

209 1489 233 1531 ro
243 1472 380 1532 creatori
396 1482 451 1532 tuo
466 1482 498 1532 te
518 1470 617 1530 redde
632 1471 782 1547 placitam
798 1487 835 1530 ac
851 1470 1003 1530 fidelem:

244 1580 279 1630 ut
307 1586 416 1629 veram
448 1569 558 1628 valeas
588 1569 834 1644 apprehendere
862 1568 1003 1629 beatitu-

243 1668 354 1728 tinem.

253 1861 379 1940 Qvou
402 1860 587 1923 vaurms
611 1860 739 1922 rurus
762 1858 993 1937 quvmvn
1057 1817 1058 1820 Ὺ

317 1958 416 2020 suta
438 1957 647 2019 srnerrrv
669 1956 930 2019 vernonum.

209 2122 234 2163 15
492 2111 698 2162 CAPITVLVM
717 2111 749 2160 ΙΙ.

241 2189 478 2408 ssfflowere
502 2248 658 2309 Domine:
680 2247 756 2325 quia
777 2246 866 2307 audit
881 2263 1003 2308 servus

241 2280 266 2403 ς
364 2356 450 2406 tuus.
494 2345 617 2406 Servus
644 2355 720 2406 tuus
749 2362 823 2405 sum
852 2362 931 2421 ego:
960 2346 1003 2404 da

243 2443 322 2503 mihi
345 2443 546 2504 intellectum
561 2453 596 2504 ut
611 2444 711 2504 sciam
732 2442 921 2504 testimonia
935 2453 1002 2505 tua.

244 2541 367 2601 Inclina
388 2557 444 2600 cor
465 2557 574 2600 meum
591 2540 624 2601 in
640 2542 738 2601 verba
753 2540 820 2601 oris
835 2539 899 2602 tui:
922 2540 1003 2601 fluat

206 2648 277 2699 mut
306 2655 360 2699 ros
388 2638 554 2715 eloquium
583 2647 685 2698 tuum.
732 2638 892 2700 Dicebant
921 2638 1002 2698 olim

243 2736 299 2796 iiiii
323 2736 423 2796 lsrael
445 2736 484 2795 ad
500 2736 652 2812 Moysen.
689 2734 838 2812 Loquere
853 2745 888 2800 tu
904 2735 1003 2796 nobis

242 2844 274 2895 et
296 2833 483 2907 audiemus3
507 2849 573 2892 non
597 2834 748 2910 loquatur
769 2832 864 2892 nobis
888 2833 1003 2894 Domi·

243 2949 321 2992 nus:
337 2947 379 2990 ne
394 2930 477 2990 iorte
493 2930 679 2991 moriamur.
709 2930 784 2991 Non
796 2930 844 2990 sic
857 2930 1003 2992 Domine

242 3045 308 3089 non
337 3028 384 3088 sic
415 3044 489 3087 oro:
520 3028 578 3087 sed
609 3027 712 3104 magis
740 3045 815 3088 cum
846 3028 1003 3090 Samueie

205 3126 400 3202 aspropheta
428 3124 595 3185 humiliter
625 3141 661 3184 ac
690 3124 917 3188 desideranter
946 3127 1004 3186 ob·

242 3240 346 3283 secro.
372 3223 520 3299 Loquere
531 3221 672 3283 Domine
687 3222 763 3299 quia
777 3223 867 3284 audit
882 3241 1003 3284 servus

241 3332 327 3383 tuus.
357 3320 432 3381 Non
454 3321 604 3397 loquatur
618 3319 699 3379 mihi
717 3319 854 3396 Moyses
874 3331 931 3382 aut
945 3322 1003 3382 aii·

243 3419 317 3496 quis
339 3435 378 3478 ex
400 3417 585 3495 prophetis:
607 3417 664 3477 sed
687 3427 721 3477 tu
737 3417 847 3494 potius
864 3419 1003 3497 loquere

242 3516 383 3576 Domine
413 3516 504 3574 Deus
532 3515 707 3590 inspirator
737 3525 769 3574 et
799 3515 1005 3580 illuminator

603 3619 639 3659 144
