2160 4194
259 471 300 523 &3
324 469 465 514 LIBELLVS
481 471 521 513 DE
536 470 713 514 DISCIPLINA
727 470 960 514 clavsrnnllvnt
981 472 1018 524 {e}

260 603 340 662 laria
367 604 488 665 solacia
509 620 685 681 quaerere:
713 614 884 682 separate
907 606 950 665 ab
973 605 1017 664 in-

260 701 344 777 eptIs
382 702 519 776 fabulis,
560 702 693 762 intende
735 703 838 763 sacris
881 703 1017 776 studiIs3

260 816 355 859 serva
370 799 586 876 disciplinam,
606 799 744 876 subiuga
757 817 901 875 carnem,
917 800 1016 876 imple

260 895 518 957 oboedientiam:
546 907 578 958 et
600 897 742 957 salvabis
763 897 905 958 animam
928 907 1014 958 tuam

237 993 349 1054 siuxta
371 993 496 1055 Christi
526 995 733 1056 sententiam.
777 996 842 1072 Qui
873 997 942 1056 odit
970 996 1017 1055 in·
1047 1031 1048 1054 t

260 1092 330 1169 quit
357 1092 497 1152 animam
529 1109 622 1152 suam
653 1093 686 1152 in
718 1094 781 1154 hoc
811 1096 952 1155 mundo:
982 1095 1016 1153 in
1047 1097 1048 1130 l

260 1189 358 1249 vitam
381 1200 546 1250 aeternam
571 1190 711 1250 custodit
733 1207 815 1251 eam.
858 1191 946 1253 Cum
969 1191 1017 1250 in-

260 1286 465 1362 disciplinato
496 1304 561 1347 non
593 1287 714 1348 habeas
747 1288 1017 1364 familiaritatem3

259 1401 301 1444 ne
323 1383 430 1443 discas
452 1384 601 1444 levitates
616 1385 702 1446 eius:
725 1396 757 1446 et
776 1387 895 1446 similis
910 1387 940 1447 ei
958 1387 1017 1447 fias
1048 1379 1049 1392 ¹

226 1482 293 1541 roin
325 1481 553 1542 confusionem
585 1482 711 1543 ordinis
741 1483 798 1544 tui.
851 1484 953 1561 lunge
985 1497 1016 1544 te
1048 1469 1049 1502 I

260 1579 412 1656 religioso
435 1580 629 1657 morigerato
652 1590 684 1641 et
705 1581 822 1642 devoto
846 1582 954 1643 fratri:
983 1595 1017 1642 ut

259 1676 443 1737 aedificeris
473 1694 605 1754 semper
634 1677 666 1738 in
698 1679 793 1738 bono.
844 1680 938 1740 Vnus
969 1679 1016 1738 in·
1049 1690 1050 1756 l

260 1774 1015 1854 disciplinatusetverbosusmultosinquietat:

260 1882 292 1932 et
313 1873 368 1949 qui
384 1890 459 1933 eum
475 1873 654 1949 compescit
669 1873 790 1950 optime
807 1874 892 1935 lacit.
928 1873 1016 1934 Talis

225 1987 250 2026 15
260 1987 358 2046 saepe
389 1980 439 2030 est
467 1972 692 2032 admonendus
723 1982 756 2032 et
785 1970 1016 2048 increpandus,

259 2078 294 2129 ut
315 2086 393 2129 suas
414 2067 648 2130 dissolustiones
670 2068 823 2130 dimittat:
846 2078 878 2129 et
900 2070 939 2129 ad
962 2070 1015 2130 de-

259 2176 334 2227 vota
348 2166 503 2227 exercitia
517 2182 553 2225 se
570 2175 746 2226 convertat.
776 2166 882 2226 Nemo
905 2182 942 2226 se
957 2183 1015 2242 per

259 2265 358 2325 alium
390 2264 507 2325 vitiose
539 2274 689 2340 excuset3
724 2264 783 2323 sed
814 2263 854 2323 de
885 2263 1015 2339 propria

259 2363 363 2422 salute
386 2361 521 2438 cogitet:
550 2372 582 2421 et
610 2371 739 2437 tempus
767 2360 829 2420 sibi
852 2360 1012 2421 indultum

222 2471 250 2513 ao
260 2459 427 2520 fructuose
447 2459 632 2534 expendere
648 2440 739 2518 c⁸uret
754 2458 839 2519 sicut
853 2467 886 2517 et
899 2459 1013 2518 beatus

261 2556 381 2616 Paulus
413 2556 499 2617 dicit.
552 2556 638 2617 Dum
674 2567 803 2632 tempus
838 2556 1013 2616 habemus:

259 2671 434 2730 operemur
467 2657 588 2715 bonum
625 2655 665 2715 ad
700 2671 824 2714 omnes.
881 2653 939 2713 llle
973 2653 1011 2713 ad

259 2770 375 2813 omnes
395 2752 516 2812 bonum
539 2763 701 2830 operatur,
723 2751 777 2829 qui
798 2761 931 2811 strenue
946 2767 1012 2811 ser-

259 2860 312 2910 vat
334 2849 555 2926 discipIInam:
584 2859 616 2909 et
645 2849 763 2910 ceteris
791 2848 824 2908 in
849 2859 1010 2909 conventu

222 2948 311 3007 cadat
340 2949 460 3007 bonum
490 2947 687 3023 exemplum.
730 2946 930 3007 Benedictus
957 2946 1011 3005 ille

260 3045 374 3105 irater:
397 3044 452 3121 qui
468 3044 501 3103 In
517 3044 670 3105 omnibus
685 3061 721 3104 se
737 3044 869 3104 vincere
884 3043 1010 3104 nititur:
1050 3107 1051 3110 ,

260 3142 335 3218 quia
370 3142 579 3202 coronabitur
613 3159 672 3218 pro
709 3140 797 3201 omni
833 3141 919 3217 quod
954 3158 1011 3217 pro

260 3239 394 3300 Christo
424 3239 552 3316 patitur.
594 3238 644 3299 Ad
673 3238 846 3299 tenendam
877 3237 1009 3298 formam

259 3336 438 3412 spIritualis
454 3336 661 3413 disciplinae:
683 3336 797 3396 beatus
814 3335 935 3396 Paulus
950 3336 1011 3396 dis·

222 3451 249 3491 ao
259 3433 385 3509 cipulos
401 3451 479 3494 suos
495 3434 667 3509 diligenter
681 3434 871 3494 exhortatur
892 3432 1009 3494 dicens.

260 3529 497 3606 Quaecumque
519 3540 595 3590 sunt
611 3548 688 3593 vera
710 3547 936 3609 quaecumque
957 3549 1010 3608 pu·

617 3635 658 3676 272
