2138 4196
232 461 353 513 &m
424 462 462 504 DE
478 460 658 505 IMITATIONE
673 461 797 505 CHRISTI
868 463 988 516 &lxm

233 596 304 655 Deo
333 595 424 672 puris
450 595 614 656 mentibus
642 595 781 656 infusae.
824 596 888 657 Sed
915 596 987 656 istis

232 692 352 752 divinis
374 694 652 754 consolationibus
666 712 764 755 nemo
783 711 915 772 semper
929 713 987 772 pro

232 808 292 851 suo
314 791 432 853 affectu
449 792 512 852 frui
528 794 629 853 valet:
652 793 728 869 quia
741 803 871 869 tempus
885 802 986 868 temp-

231 889 362 949 tationis
384 907 450 949 non
475 889 530 950 diu
554 899 671 950 cessat.
715 890 856 950 Multum
878 901 986 950 autem

208 987 446 1048 :contrariatur
480 1004 642 1064 supernae
676 988 870 1049 visitationi:
906 988 987 1049 falsa

230 1084 363 1146 libertas
385 1085 484 1145 animi
513 1095 546 1146 et
569 1102 684 1162 magna
708 1086 904 1147 confidentia
925 1087 985 1147 sui.

232 1184 322 1243 Deus
353 1183 437 1243 bene
474 1183 550 1243 lacit
584 1183 817 1244 consolationis
851 1185 985 1261 gratiam

231 1280 352 1340 dando:
384 1281 443 1340 sed
472 1283 570 1341 homo
598 1282 682 1342 male
710 1282 774 1358 agit
795 1300 861 1343 non
882 1292 984 1344 totum

232 1380 302 1439 Deo
324 1395 399 1438 cum
420 1379 594 1455 gratiarum
617 1380 744 1441 actione
766 1379 984 1440 retribuendo.

197 1494 221 1534 ro
231 1477 269 1536 Et
284 1476 357 1537 ideo
373 1494 439 1536 non
454 1488 591 1553 possunt
606 1478 639 1537 in
655 1478 749 1538 nobis
766 1478 850 1538 dona
864 1478 984 1554 gratiae

231 1573 350 1648 fluere3
378 1574 454 1650 quia
475 1574 590 1651 ingrati
617 1592 733 1635 sumus
754 1575 894 1636 auctori:
923 1592 984 1635 nec

229 1681 331 1731 totum
348 1671 553 1732 refundimus
569 1673 680 1733 fontali
697 1672 823 1749 origini.
848 1672 985 1748 Semper

230 1768 317 1828 enim
354 1769 491 1829 debetur
523 1769 624 1845 gratia
655 1769 751 1846 digne
780 1770 899 1846 gratias
935 1786 984 1829 re-

231 1866 364 1926 lerenti:
393 1876 425 1927 et
446 1865 613 1926 auferetur
640 1867 679 1926 ab
702 1867 785 1927 elato
807 1866 894 1943 quod
916 1865 983 1925 dari

196 1983 220 2023 15
230 1964 313 2023 solet
334 1964 459 2024 humili.
498 1964 582 2024 Nolo
605 1964 877 2024 consolationem:
901 1980 983 2040 quae

229 2059 308 2120 mihi
331 2060 437 2121 aulert
452 2061 745 2136 compunctionem.
775 2061 845 2120 Nec
866 2060 983 2121 affecto

229 2159 554 2235 contemplationem:
583 2176 666 2236 quae
695 2157 783 2218 ducit
811 2158 844 2218 in
874 2158 984 2219 elatio·

228 2271 314 2314 nem.
357 2255 431 2314 Non
461 2255 549 2314 enim
571 2272 668 2314 omne
697 2256 796 2316 altum
819 2266 983 2331 sanctum3

228 2369 290 2412 nec
318 2369 414 2412 omne
444 2353 539 2413 dulce
567 2354 688 2413 bonurn
717 2371 779 2414 nec
807 2371 905 2414 omne
929 2355 983 2415 de·

191 2450 385 2510 aosiderium
407 2468 541 2527 purum:
570 2468 631 2510 nec
654 2468 751 2511 omne
778 2468 888 2510 carum
912 2453 983 2511 Deo

227 2557 363 2624 gratum.
406 2548 559 2609 Libenter
582 2558 716 2625 accepto
739 2549 873 2626 gratiam
896 2550 984 2609 unde

227 2661 358 2722 semper
379 2645 534 2706 humilior
561 2656 593 2706 et
617 2645 797 2707 timoratior
818 2646 983 2707 inveniar:

227 2753 323 2819 atque
345 2743 384 2802 ad
407 2742 657 2819 relinquendum
673 2759 725 2802 me
740 2743 881 2819 paratior
898 2743 982 2803 tiam.

228 2842 352 2902 Doctus
387 2842 472 2901 dono
506 2840 628 2916 gratiae
663 2850 695 2900 et
728 2841 877 2901 eruditus
908 2841 983 2900 sub·

190 2938 393 3000 astructionis
415 2938 552 2997 verbere
574 2955 639 2998 non
662 2937 723 2998 sibi
742 2938 872 2998 audebit
893 2939 983 3015 quic·

227 3054 322 3113 quam
345 3037 420 3097 boni
443 3036 635 3097 attribuere:
657 3036 716 3096 sed
731 3035 839 3112 potius
853 3052 891 3095 se
906 3053 983 3111 pau-

226 3150 337 3209 perem
367 3143 399 3194 et
427 3134 550 3193 nudum
580 3134 796 3195 confitebitur.
838 3133 888 3193 Da
912 3134 983 3193 Deo
1056 3199 1057 3216 χ

226 3231 311 3306 quod
334 3230 395 3291 Dei
419 3240 479 3305 est,
501 3241 532 3291 et
553 3231 610 3290 tibi
633 3231 759 3290 ascribe
782 3229 867 3306 quod
889 3238 981 3290 tuum

226 3337 292 3386 est:
308 3328 370 3387 hoc
385 3337 436 3388 est
452 3329 522 3387 Deo
536 3328 655 3404 gratias
671 3346 729 3404 pro
743 3328 844 3405 gratia
858 3327 982 3401 tribue;
1056 3323 1057 3380 l

189 3423 282 3489 aotibi
298 3435 406 3484 autem
422 3425 482 3484 soli
495 3426 640 3501 culpam:
656 3435 688 3485 et
703 3425 830 3502 dignam
842 3441 980 3500 poenam

225 3537 283 3597 pro
299 3521 394 3597 culpa
409 3521 519 3581 deberi
536 3522 668 3582 sentias.
699 3523 788 3582 Pone
803 3533 835 3582 te
850 3539 982 3600 semper

591 3625 617 3666 ra
