2142 4194
230 449 351 500 nsenna:
422 449 461 490 oa
478 447 656 490 ιΜιτΑτιοΝε
671 447 795 490 cumsrr
866 449 989 502 (perure.)

142 619 148 630 ·
232 582 440 658 intellegere:
463 590 590 658 oportet
605 590 640 641 ut
657 591 755 642 totam
771 581 869 641 vitam
893 599 987 643 suam

231 679 277 739 illi
310 680 438 740 studeat
468 679 685 740 conformare.
734 679 823 756 Quid
854 682 988 758 prodest

230 778 287 838 tibi
311 779 374 838 alta
392 778 432 838 de
447 777 603 839 Trinitate
626 778 809 853 disputare3
830 763 863 838 si¹
875 796 987 839 careas

231 875 413 936 humilitate
425 875 512 936 unde
523 875 698 952 displiceas
708 874 882 936 Trinitati?
899 877 988 938 Vere

208 974 295 1033 salta
308 972 408 1033 verba
421 988 486 1032 non
504 974 626 1035 iaciunt
641 984 789 1035 sanctum
803 985 835 1035 et
850 974 987 1034 iustum:
1064 995 1065 1002 ¹

231 1070 290 1130 sed
305 1070 452 1132 virtuosa
467 1072 533 1132 vita
548 1072 650 1132 ellicit
666 1073 737 1132 Deo
754 1089 875 1133 carum.
901 1071 988 1148 Opto

232 1168 334 1245 magis
345 1168 468 1230 sentire
480 1169 781 1246 compunctionem:
792 1187 889 1246 quam
901 1171 989 1230 scire

232 1266 304 1327 eius
319 1266 554 1328 definitionem.
575 1267 609 1328 Si
621 1268 725 1328 scires
740 1277 839 1328 totam
855 1268 988 1329 bibliam

232 1366 377 1426 exterius
392 1376 424 1426 et
439 1366 586 1426 omnium
602 1366 873 1442 philosophorum
889 1366 989 1442 dicta3

198 1463 310 1540 mquid
336 1474 438 1524 totum
467 1464 640 1539 prodesset
669 1463 741 1523 sine
770 1463 902 1524 caritate
926 1465 988 1524 Dei

232 1571 264 1621 et
285 1561 412 1638 gratia?
453 1562 590 1622 Vanitas
618 1561 795 1622 vanitatum
825 1571 857 1621 et
879 1563 990 1622 omnia
1061 1589 1065 1624 t

232 1659 374 1719 vanitas:
397 1669 526 1735 praeter
548 1676 656 1719 amare
673 1659 779 1719 Deum
803 1668 834 1718 et
857 1659 902 1719 illi
926 1660 989 1719 soli

232 1756 368 1816 servire.
412 1756 477 1816 Ista
505 1766 555 1817 est
577 1774 706 1817 summa
727 1756 901 1833 sapientia:
930 1755 1017 1832 per*
1064 1795 1065 1866 p

233 1863 455 1930 contemptum
491 1855 605 1915 mundi
642 1856 779 1916 tendere
814 1854 853 1914 ad
890 1871 991 1931 regna

199 1972 223 2013 15
233 1951 395 2011 caelestia.
425 1951 560 2012 Vanitas
581 1953 679 2029 igitur
700 1963 750 2013 est
766 1951 895 2012 divitias
917 1969 991 2027 per·

234 2048 335 2107 ituras
350 2047 525 2124 quaerere:
541 2059 573 2109 et
589 2049 621 2108 in
638 2049 703 2110 illis
719 2067 861 2126 sperare.
891 2049 991 2109 Vani·
1064 2039 1065 2073 l

233 2157 282 2207 tas
310 2163 441 2224 quoque
470 2157 520 2207 est
550 2148 694 2207 honores
723 2146 863 2207 ambire:
894 2156 926 2206 et
955 2147 990 2206 in

233 2245 333 2304 altum
358 2254 476 2305 statum
507 2262 543 2305 se
566 2246 732 2306 extollere.
775 2244 910 2305 Vanitas
940 2255 992 2305 est
1021 2283 1029 2302 ,

233 2342 341 2403 carnis
356 2340 520 2402 desideria
534 2343 643 2419 sequi:
659 2353 691 2403 et
706 2342 786 2402 illud
802 2342 991 2402 desiderare

196 2440 320 2500 aounde
342 2441 549 2515 postmodum
565 2441 707 2517 graviter
728 2448 856 2515 oportet
870 2439 991 2515 puniri.
1062 2515 1063 2520 ἵ

234 2537 369 2598 Vanitas
391 2548 441 2599 est
463 2539 591 2616 longam
614 2539 712 2598 vitam
738 2547 866 2613 optare:
895 2547 927 2598 et
949 2539 991 2598 de
1061 2521 1063 2572 l

233 2637 319 2696 bona
333 2636 399 2696 vita
409 2653 522 2712 parum
539 2653 663 2696 curare.
688 2635 823 2695 Vanitas
838 2644 888 2695 est
898 2651 992 2710 prae-

234 2745 362 2795 sentem
385 2733 483 2794 vitam
506 2735 613 2794 solum
639 2734 822 2794 attendere:
852 2743 884 2794 et
906 2749 992 2810 quae

235 2833 344 2892 lutura
364 2841 441 2891 sunt
462 2848 528 2890 non
550 2831 751 2906 praevidere.
783 2830 918 2896 Vanitas
940 2843 992 2892 est
1062 2813 1063 2889 l

197 2948 225 2990 25
234 2929 369 3005 diligere
385 2928 471 3005 quod
487 2945 561 2988 cum
577 2928 665 2987 omni
683 2929 849 2990 celeritate
860 2929 992 2990 transit:

234 3036 266 3087 et
293 3027 361 3086 illic
389 3043 455 3086 non
485 3025 640 3085 lestinare
669 3026 723 3085 ubi
753 3027 991 3102 sempiternum

233 3123 994 3202 gaudiummanet.Mementoilliuslrequenter

233 3222 416 3299 proverbii3
437 3221 513 3298 quia
534 3238 600 3281 non
616 3220 752 3281 satiatur
768 3222 884 3282 oculus
899 3223 993 3284 visu:
1061 3259 1062 3297 t

234 3338 296 3381 nec
324 3321 412 3382 auris
441 3320 596 3396 impletur
618 3320 739 3379 auditu.
783 3319 884 3380 Stude
912 3338 993 3399 ergo

198 3440 225 3481 ao
235 3435 292 3478 cor
306 3420 398 3478 tuum
414 3418 452 3477 ab
466 3435 576 3478 amore
592 3417 771 3478 visibilium
787 3420 993 3481 abstrahere:

235 3518 327 3576 etad
350 3515 529 3576 invisibilia
549 3526 581 3577 te
603 3516 791 3576 transferre.
834 3515 917 3576 Nam
941 3534 994 3577 se-
