2178 4186
235 429 276 480 &3
287 427 392 470 BREVIS
401 427 580 471 nollolllllo
593 428 778 472 SPIRITVALIS
791 429 942 473 EXERClTil
954 431 993 483 ω
1030 467 1032 471 .

235 561 386 622 tendere:
409 563 495 640 quod
511 563 704 641 cuiusquam
720 563 863 624 offendat
881 581 994 640 aspec-

235 669 314 720 tum.
356 659 562 738 Vbicumque
582 678 721 722 necesse
737 660 835 721 fuerit
852 670 885 722 te
900 679 992 723 esse:

236 757 388 820 omnibus
419 759 554 835 privatis
585 759 828 835 praetermissis
858 761 993 822 studeas

235 857 431 934 tempestive
447 857 570 919 venire.
599 857 669 918 Nec
685 874 858 918 assuescas
871 859 992 919 malum

214 972 350 1015 susum:
372 956 535 1031 posterior
549 955 681 1032 saepius
696 955 869 1017 veniendo.
903 955 993 1016 Nihil

237 1052 374 1113 aestima
395 1055 482 1131 quod
504 1054 601 1115 iacis:
624 1054 651 1114 si
674 1071 739 1114 non
760 1053 851 1129 prius
874 1053 994 1114 feceris

237 1150 324 1226 quod
355 1149 465 1211 debes.
517 1152 594 1212 Esto
629 1151 727 1228 igitur
762 1150 884 1227 ubique
920 1168 993 1211 cum
1068 1137 1069 1228 i

237 1246 368 1323 primis:
397 1250 505 1309 alacer
533 1259 565 1310 et
592 1259 724 1326 paratus
751 1250 785 1310 in
807 1250 896 1310 omni
922 1251 993 1311 loco

238 1353 270 1404 et
292 1354 439 1421 tempore
461 1347 578 1407 adhoc
594 1347 765 1424 deputatis.
796 1347 995 1409 Communia

205 1465 229 1506 ro
238 1461 371 1520 semper
404 1462 570 1521 praepone
604 1445 746 1522 propriis
782 1453 814 1505 et
849 1445 994 1520 privatis.

238 1540 384 1602 Alterius
415 1542 523 1618 potius
558 1560 654 1619 quam
691 1543 853 1619 propriam
887 1543 995 1614 iacere

238 1640 371 1700 studeas
393 1641 609 1701 voluntatem:
633 1649 664 1700 et
686 1641 752 1701 eris
773 1641 928 1701 omnibus
951 1641 995 1700 di·
1064 1683 1069 1696 ,

240 1739 345 1798 lectus
370 1747 433 1798 tam
458 1739 529 1798 Deo
558 1753 654 1814 quam
683 1736 846 1797 iratribus.
888 1737 996 1798 Pauca

239 1836 338 1895 verba
369 1843 400 1895 et
431 1835 555 1895 humile
587 1851 781 1911 responsum
813 1836 931 1896 habeat
959 1853 996 1896 os

206 1942 341 1996 rstuum.
398 1933 521 1994 illelius
557 1941 607 1994 est
641 1941 768 1992 tacere:
804 1950 901 2010 quam
937 1932 996 1993 im-

239 2031 417 2108 prudenter
446 2031 545 2109 loqui.
589 2031 742 2092 Libenter
764 2030 811 2090 sis
839 2031 872 2090 in
898 2032 996 2092 cella:

240 2127 268 2188 si
290 2145 356 2188 non
378 2136 472 2204 potes
494 2128 620 2189 custodi
644 2145 681 2188 os
703 2137 805 2188 tuum.

347 2324 405 2384 oa
428 2323 557 2384 Exrrv
579 2323 640 2385 no
664 2322 889 2386 LABOREM.

240 2427 507 2647 Qntequam
530 2502 638 2560 exeas,
660 2492 692 2544 et
711 2492 883 2561 postquam
900 2483 999 2545 intra·

204 2606 232 2647 20
268 2589 288 2643 s
373 2582 462 2643 veris
484 2582 616 2642 cellam:
639 2581 773 2641 brevem
789 2580 912 2642 habeas
929 2600 999 2643 ora·

241 2682 374 2742 tionem.
403 2680 479 2740 Noli
502 2687 671 2739 cortuum
694 2677 865 2738 effundere
887 2679 928 2739 ad
946 2696 1000 2739 ex·

241 2780 376 2840 teriora:
412 2779 470 2839 sed
502 2777 592 2838 disce
622 2775 774 2836 manibus
807 2775 935 2851 operari
968 2785 1000 2836 et

242 2878 340 2938 corde
362 2893 466 2937 orare.
502 2876 608 2935 Nemo
624 2872 732 2933 statim
755 2872 925 2949 perfectus
939 2883 999 2948 est,

241 2993 303 3037 nec
325 2992 390 3035 una
411 2974 463 3035 die
485 2971 664 3051 acquiritur
685 2970 789 3031 virtus
814 2980 846 3031 et
867 2971 998 3032 devotio

205 3095 232 3136 25
242 3076 320 3136 ista:
349 3073 407 3133 sed
429 3071 591 3132 cotidiano
614 3069 769 3130 exercitio
797 3078 829 3129 et
852 3068 997 3146 diligenti

242 3171 409 3249 proposito
433 3169 575 3230 efficitur
602 3168 701 3227 homo
730 3165 869 3227 devotus
898 3176 930 3228 et
951 3166 997 3226 in·

242 3280 366 3331 ternus.

594 3371 648 3427 32

599 3595 640 3636 426
