2146 4194
99 445 380 498 mmm
442 446 514 488 11128
576 447 857 500 mulis&

102 588 132 639 et
159 588 270 639 cetera
298 579 479 639 secundum
502 579 649 640 ordinem
676 579 855 658 sapientiae

100 687 173 738 tuae
189 687 285 754 prout
300 686 377 737 sunt
392 677 592 755 intellegere.
616 679 666 738 Da
678 679 856 755 prudenter

100 775 264 835 declinare
287 774 524 836 blandientem:
547 786 578 836 et
593 776 753 852 patienter
769 776 855 837 ferre

100 875 344 949 adversantem3
366 873 441 950 quia
456 875 537 934 haec
552 892 667 952 magna
686 875 856 951 sapientia,

100 989 163 1032 non
186 971 312 1031 moveri
335 971 423 1031 omni
446 982 544 1032 vento
573 973 764 1047 verborum,
794 989 877 1037 nec:

99 1087 208 1130 aurem
233 1070 319 1128 male
334 1069 511 1130 blandienti
527 1071 684 1146 praebere
702 1070 854 1131 Sirenae:

98 1165 144 1225 sic
165 1165 256 1226 eninr
280 1165 409 1242 incepta
430 1166 575 1244 pergitur
596 1167 650 1226 via
670 1184 798 1228 secure.

276 1403 459 1467 CONTRA
485 1405 679 1468 LINGVAS

276 1509 679 1573 OBTRECTATORVM.

306 1693 511 1746 CAPITVLVM
530 1694 645 1743 XXVlll.
866 1705 889 1745 lt]

1 1889 2 1894 η
96 1793 257 2008 ffilli.
295 1847 368 1908 Non
390 1865 487 1925 aegre
511 1849 596 1909 feras
619 1849 646 1909 si
666 1849 796 1927 quidam
813 1851 871 1918 de.

228 1954 260 2005 te
277 1946 360 2005 male
375 1946 554 2007 senserint:
570 1956 601 2006 et
612 1947 752 2008 dixerint
767 1949 853 2025 quod

94 2059 162 2101 non
185 2042 326 2103 libenter
346 2044 468 2105 audias,
506 2044 553 2105 Tu
577 2045 738 2107 deteriora
760 2045 799 2105 de
822 2055 861 2105 te·

93 2140 168 2215 ipso
183 2140 308 2201 sentire
323 2143 440 2202 debes:
463 2152 495 2203 et
509 2144 675 2204 neminem
699 2143 853 2204 infirmio-

93 2253 165 2296 rem
196 2247 228 2297 te
256 2239 400 2300 credere.
448 2238 482 2301 Si
512 2241 658 2302 ambulas
686 2242 725 2300 ab
754 2241 889 2302 intrans

93 2351 162 2394 non
185 2335 322 2396 multum
351 2337 547 2412 ponderabis
575 2338 717 2400 volantia
744 2339 853 2399 verba.

93 2432 154 2493 Est
176 2449 241 2492 non
264 2450 363 2509 parva
383 2434 556 2510 prudentia
584 2437 682 2497 silere
711 2436 744 2496 in
773 2447 853 2497 tem·

92 2547 176 2606 pore
199 2531 283 2591 malo
311 2542 344 2592 et
366 2532 528 2594 introrsus
549 2535 588 2594 ad
610 2551 663 2594 me
688 2534 852 2595 converti:

92 2644 157 2688 nec
180 2629 322 2689 humano
345 2630 465 2691 iudicio
487 2631 670 2691 disturbari.
713 2631 788 2690 Non
811 2631 852 2691 sit

90 2743 157 2802 pax
172 2737 227 2786 tua
242 2726 274 2786 in
290 2744 347 2786 ore
362 2727 542 2788 hominum.
572 2727 649 2790 Sive
665 2728 751 2788 enim
768 2728 888 2788 beneao

90 2824 167 2884 sive
199 2825 282 2885 male
314 2825 513 2902 interpretati
551 2825 687 2886 luerint:
718 2844 783 2886 non
815 2844 852 2886 es

90 2921 169 2981 ideo
199 2921 280 2982 alter
307 2923 416 2983 homo.
458 2923 519 2983 Vbi
547 2933 597 2984 est
625 2940 702 2983 vera
730 2941 791 2999 pax
820 2933 851 2983 et

89 3036 174 3079 vera
203 3019 332 3096 gloria?
381 3020 499 3081 Nonne
531 3022 563 3081 in
595 3020 675 3081 me?
726 3021 764 3081 Et
795 3021 850 3098 qui

89 3133 161 3176 non
185 3117 305 3193 appetit
320 3117 508 3178 hominibus
525 3119 654 3195 placere
676 3136 737 3178 nec
759 3118 851 3179 timet

89 3212 286 3290 displicere:
317 3215 419 3275 multa
449 3215 754 3292 perfruetur-pace.
804 3216 887 3276 Exzs

87 3311 278 3372 inordinato
300 3328 411 3372 amore
433 3321 465 3372 et
486 3330 570 3373 vano
591 3313 725 3374 timore:
749 3314 852 3375 oritur

87 3407 204 3468 omnis
220 3407 411 3484 inquietudo
425 3409 534 3470 cordis
550 3419 581 3470 et
596 3410 762 3472 distractio
777 3429 850 3472 sen-

86 3522 203 3566 suum.

455 3612 493 3655 197
