2138 4196
216 457 338 510 &m
409 457 447 500 DE
464 456 642 500 titillatione
657 455 781 500 CHRISTI
852 457 976 509 &Q

217 608 313 668 quam
336 591 447 650 divino
461 607 560 666 posse
575 608 687 651 carere
705 591 844 666 solaci03
866 601 899 651 et
914 608 975 666 pro

217 690 342 748 honore
359 688 419 748 Dei
442 688 582 748 libenter
603 688 736 749 exilium
757 689 864 749 cordis
886 690 975 749 velle

217 785 392 860 sustinere,
414 797 446 846 et
464 785 496 845 in
511 787 601 846 nullo
624 803 660 846 se
676 787 782 863 ipsum
798 803 975 863 quaerere:

217 900 278 943 nec
289 883 328 943 ad
343 884 509 959 proprium
521 883 674 943 meritum
686 884 860 960 respicere.
883 885 975 963 Quid

195 981 324 1057 smagni
348 989 415 1056 est,
443 980 470 1040 si
494 981 607 1042 hilaris
635 982 682 1042 sis
704 993 736 1042 et
759 984 898 1044 devotus
920 985 975 1044 ad·

216 1081 370 1141 veniente
390 1079 519 1156 gratia?
558 1079 720 1156 Optabilis
742 1081 870 1141 cunctis
892 1082 975 1142 haec

217 1180 306 1238 hora.
336 1177 422 1238 Satis
437 1177 582 1237 suaviter
596 1179 734 1254 equitat:
757 1195 854 1255 quem
871 1180 976 1256 gratia

217 1275 278 1337 Dei
302 1285 416 1350 portat.
448 1275 486 1335 Et
508 1275 585 1352 quid
609 1275 727 1337 mirum
750 1277 777 1336 si
800 1294 885 1336 onus
906 1294 973 1337 non

217 1373 332 1448 sentit,
361 1373 415 1449 qui
438 1384 584 1449 portatur
612 1374 651 1434 ab
673 1375 913 1451 omnipotente3
941 1385 976 1435 et

185 1471 688 1533 roduciturasummoductore?
713 1472 866 1532 Libenter
876 1474 974 1532 habe-

218 1586 292 1628 mus
322 1569 443 1646 aliquid
475 1587 533 1645 pro
564 1568 704 1630 solacio:
735 1580 767 1630 et
797 1570 976 1631 difficulter

218 1670 316 1728 homo
345 1669 475 1728 exuitur
504 1684 580 1728 ase
602 1668 683 1744 ipso.
725 1667 812 1728 Vicit
840 1677 975 1728 sanctus

218 1776 341 1842 martyr
371 1766 566 1826 Laurentius
602 1766 770 1826 saeculum
806 1782 879 1824 cum
913 1783 975 1826 suo

217 1864 402 1924 sacerdote:
434 1864 510 1940 quia
540 1881 638 1924 omne
668 1863 755 1940 quod
786 1863 819 1922 in
851 1863 974 1924 mundo

184 1961 974 2036 isdelcctabilevidebaturdespexit3etsummum

218 2060 279 2120 Dei
308 2059 510 2120 sacerdotem
545 2058 670 2119 Sixtum
703 2076 800 2134 quem
832 2059 974 2119 maxime

217 2155 385 2233 diligebat:
414 2173 472 2232 pro
494 2173 605 2215 amore
628 2155 753 2217 Christi
777 2156 873 2217 etiam
896 2174 915 2215 a
937 2173 974 2217 se

217 2254 285 2314 tolli
319 2254 499 2314 clementer
532 2254 665 2314 ferebat.
717 2252 839 2313 Amore
875 2254 976 2330 igitur
1066 2311 1067 2314 ,

218 2351 374 2412 creatoris
397 2369 541 2411 amorem
564 2351 708 2411 hominis
730 2351 913 2427 superavit:
942 2363 977 2412 et

181 2461 276 2525 aopro
298 2450 441 2509 humano
471 2450 593 2510 solacio
616 2449 762 2509 divinum
790 2449 975 2524 beneplaci-

217 2557 285 2608 tum
308 2547 411 2624 magis
433 2546 540 2623 elegit.
574 2547 620 2607 ita
643 2556 674 2606 ct
696 2557 731 2606 tu
753 2545 895 2622 aliquem
918 2563 975 2606 ne·

218 2645 397 2705 cessarium
414 2655 445 2705 et
460 2644 614 2704 dilectum
631 2644 771 2704 amicum
787 2660 846 2719 pro
862 2660 974 2703 amore

219 2742 279 2803 Dei
302 2743 392 2802 disce
415 2742 619 2818 relinquere;
641 2759 703 2802 nec
723 2741 865 2818 graviter
887 2742 976 2802 ieras

218 2857 291 2900 cum
322 2841 360 2899 ab
383 2839 487 2899 amico
509 2840 686 2899 derelictus
714 2838 833 2899 fueris:
863 2840 975 2900 sciens

181 2938 371 3015 aquoniam
401 2946 528 3014 oportet
556 2955 618 2997 nos
640 2954 755 2997 omnes
782 2938 913 2997 tandem
936 2940 975 2998 ab

218 3036 358 3097 invicem
381 3036 535 3111 separari.
565 3035 706 3095 Multum
723 3046 755 3095 et
777 3034 831 3095 diu
847 3045 976 3111 oportet

218 3133 384 3194 hominem
414 3134 447 3194 in
476 3150 512 3193 se
535 3133 606 3210 ipso
629 3142 771 3207 certare,
799 3142 975 3208 autequam

218 3232 321 3293 discat
341 3250 378 3292 se
393 3232 500 3308 ipsum
517 3233 613 3307 plene
628 3247 800 3307 superare:
823 3238 855 3289 et
870 3238 974 3291 totum

217 3330 370 3390 affectum
385 3330 527 3390 suumin
539 3331 644 3389 Deum
661 3330 800 3388 trahere.
829 3326 973 3404 Quando

180 3429 315 3488 aohomo
338 3436 400 3488 stat
415 3443 515 3503 super
531 3444 567 3487 se
590 3427 714 3502 ipsum:
737 3426 833 3486 facile
855 3426 976 3487 labitur

217 3525 256 3585 ad
287 3525 528 3585 consolationes
559 3525 728 3584 humanas.
778 3522 842 3583 Sed
874 3541 975 3585 verus

581 3627 608 3670 74
