2160 4194
261 429 402 474 EPISTVLA
418 429 537 473 DEVOTA
550 431 591 472 ΑΙ)
606 429 755 484 ΩνΕΝῡΑΜ
771 428 957 472 REGVLAREM

231 564 383 625 fabulari:
405 564 585 625 delectatur
605 564 700 624 vanis
721 563 918 637 rumoribus,
941 573 991 623 at·

230 661 389 723 taediatur
402 661 564 722 interesse
575 661 706 722 divinis.
730 661 794 739 Qui
806 678 871 721 non
883 670 991 720 certat

229 759 368 819 viriliter
395 759 554 819 adversus
582 759 645 819 ista
674 759 735 820 tria
764 758 843 819 vitia
869 775 987 834 parum

230 856 377 934 proficiet
405 857 438 916 in
460 857 545 917 bona
566 857 648 917 vita:
678 866 709 918 et
737 856 801 916 cito
831 855 922 916 cadet
945 856 989 916 ad

207 954 292 1016 salia
313 954 425 1031 peiora
446 955 530 1014 mala
550 972 591 1015 ex
613 954 685 1015 istis
707 953 883 1015 nascentia.

272 1052 412 1114 Dilectio
441 1053 502 1113 Dei
532 1053 686 1129 probatur
716 1051 819 1128 magis
847 1050 880 1110 in
908 1066 991 1110 con-

229 1159 353 1226 temptu
375 1150 425 1211 sui
442 1160 474 1211 et
488 1150 635 1211 omnium
650 1160 872 1211 terrenorum:
887 1165 987 1225 quam

229 1247 263 1307 iu
291 1247 533 1323 pulchritudine
562 1248 747 1309 verborum.
791 1247 869 1307 Plus
892 1247 988 1306 Deus

230 1344 409 1406 delectatur
424 1344 457 1404 in
473 1345 588 1404 humili
605 1361 703 1421 prece
714 1345 843 1405 contriti
860 1343 986 1404 cordis:

197 1459 327 1519 mquam
358 1442 391 1501 in
422 1444 486 1504 alto
521 1444 663 1504 clamore
699 1443 848 1503 curiosae
882 1441 987 1502 vocis,

231 1540 369 1617 Semper
390 1541 524 1603 humilis
545 1541 672 1602 invenit
696 1540 847 1618 gratiam3
876 1550 906 1601 et
927 1539 986 1616 qui

230 1656 267 1699 se
289 1640 342 1700 dat
363 1641 403 1700 ad
425 1640 608 1717 simplicem
626 1638 882 1701 oboedientiam:
904 1637 988 1714 opti·-

231 1753 315 1796 mam
338 1737 469 1799 habebit
497 1737 732 1799 conscientiam
761 1747 793 1798 et
821 1734 989 1812 quietissi-

231 1851 316 1894 mam
339 1833 447 1896 vitam.

197 1955 222 1996 15
271 1931 376 2008 Saepe
405 1943 455 1994 est
482 1934 629 1994 occultae
658 1933 831 2010 superbiae
855 1932 986 2009 signum

230 2028 417 2090 desiderare
448 2030 569 2090 habere
599 2046 747 2107 magnam
777 2029 987 2090 devotionem

230 2125 283 2185 vel
305 2126 555 2188 revelationem:
578 2127 686 2204 potius
708 2137 739 2188 te
754 2126 862 2187 iudica
876 2125 990 2186 divina

230 2224 454 2285 consolatione
475 2226 654 2303 indignum.
683 2225 767 2285 Nam
790 2225 830 2284 de
851 2223 990 2284 delecti-

230 2323 292 2382 bus
314 2323 379 2383 tuis
400 2333 497 2400 atque
513 2323 704 2384 excessibus
719 2323 860 2399 cogitare
882 2321 990 2398 magis

194 2421 336 2496 aoplacet
359 2422 429 2481 Deo
458 2430 490 2481 et
512 2420 625 2481 utilius
647 2419 792 2480 esttibi:
819 2436 914 2497 quam
937 2419 989 2479 in-

231 2519 347 2595 dagare
369 2519 410 2578 de
431 2518 628 2579 caelestibus
643 2517 790 2578 secretis.
820 2517 989 2594 Quamdiu

230 2633 296 2676 non
326 2633 361 2676 es
382 2633 482 2677 verus
511 2616 645 2676 humilis
673 2625 705 2676 et
726 2625 813 2677 totus
841 2614 880 2674 ab
901 2614 992 2675 intra

231 2713 461 2790 mortificatus,
489 2714 533 2774 ita
560 2714 645 2790 quod
669 2713 819 2774 laudibus
843 2729 908 2773 non
931 2713 991 2772 de-

231 2811 361 2872 lectaris
381 2829 443 2872 nec
465 2812 648 2873 maledictis
663 2811 822 2872 moveris:
844 2826 909 2870 non
931 2826 990 2870 ex-

194 2907 320 2985 aspedit
347 2908 404 2969 tibi
435 2911 549 2971 altiora
577 2909 785 2987 perscrutari.
830 2908 991 2971 Christus

231 3023 330 3082 saepe
361 3008 563 3083 compescuit
599 3009 764 3084 apostolos
799 3008 839 3067 de
874 3007 990 3067 multis

233 3104 361 3180 futuris,
383 3114 415 3166 et
429 3103 603 3165 subtilibus
619 3104 764 3165 materiis
786 3103 884 3180 loqui.
915 3101 992 3164 Cur

231 3219 309 3278 ergo
324 3211 358 3263 tu
374 3202 425 3263 vis
440 3202 526 3263 scire
541 3219 624 3279 quae
640 3203 802 3263 excedunt
815 3199 989 3262 scientiam

232 3299 347 3360 tuam?
372 3299 496 3361 Munda
511 3300 744 3361 conscientiam
758 3310 845 3361 tuam
861 3309 893 3360 et
907 3317 991 3361 cave

194 3397 590 3474 aopraesumptionem:et
601 3399 696 3459 stude
706 3397 848 3458 divinam
859 3396 992 3458 discere

233 3503 265 3554 et
287 3493 396 3554 lacere
417 3496 617 3556 voluntatem
639 3512 705 3556 non
728 3495 901 3572 propriam.
933 3496 993 3559 Sic

590 3599 631 3642 aaa
