2160 4194
222 443 263 496 GN:
287 442 429 486 LIBELLVS
445 443 483 486 DE
500 443 674 486 DISCIPLINA
689 443 917 488 cLAvsrnatlvnt
939 446 981 499 ζῶ

280 637 327 696 De
347 637 482 698 caritate
503 638 562 699 Dei
582 644 614 699 et
629 639 768 715 proximi
789 645 821 700 et
841 640 916 700 odr'o

519 737 678 797 vitiorum.

467 908 671 958 CAPITVLVM
689 910 731 959 XI.

221 1002 400 1222 Q&
422 1071 472 1122 est
487 1062 650 1123 beatitudo
665 1063 810 1139 animae3
832 1081 893 1124 nec
910 1065 979 1126 ullo

199 1113 236 1221 5ᾖ
353 1159 438 1218 bono
460 1170 568 1220 creato
591 1159 625 1219 iit
648 1159 755 1220 anima
776 1162 887 1237 beata,
914 1179 978 1222 nec

222 1255 381 1317 veraciter
396 1256 544 1333 sapiens:
558 1257 621 1318 nisi
634 1259 740 1320 Deum
757 1260 976 1336 superomnia

221 1354 369 1430 amando,
394 1365 425 1415 et
447 1355 556 1415 omnia
577 1355 662 1416 inira
685 1357 790 1418 Deum
814 1374 854 1417 ex
877 1358 975 1418 corde

222 1451 463 1528 vilipendendo.
490 1453 584 1512 Vnde
602 1453 723 1514 Paulus
737 1454 824 1514 dicit.
855 1453 976 1516 Omnia

221 1549 393 1610 arbitratus
415 1567 488 1609 sum
511 1560 546 1610 ut
567 1560 727 1612 stercora:
750 1562 784 1612 ut
802 1551 973 1613 Christum
1073 1593 1074 1649 t

187 1647 432 1708 rolucriiaciam.
464 1647 593 1709 Caritas
614 1648 734 1709 nobilis
757 1659 806 1709 est
820 1649 925 1710 virtus
943 1660 975 1710 et

221 1763 261 1805 ex
277 1747 348 1806 Deo
370 1756 460 1806 nata:
482 1762 565 1822 quae
580 1746 720 1807 animam
741 1763 837 1823 quam
860 1747 974 1823 replet,

221 1844 396 1904 caelestem
420 1842 505 1919 iacit,
528 1853 559 1903 et
581 1844 703 1904 mundo
725 1844 874 1904 alienam.
910 1844 974 1906 Ca·
1078 1915 1079 1928 χ

221 1941 298 2001 ritas
329 1941 396 2001 odit
426 1940 521 2016 vitia,
552 1941 682 2001 damnat
714 1941 868 2016 delicias3
902 1958 975 2017 per·
1078 1939 1079 1956 *

221 2038 370 2114 sequitur
384 2040 516 2114 maium,
538 2049 569 2100 et
585 2039 650 2099 vim
674 2039 750 2100 iacit
765 2048 916 2099 naturae:
940 2049 974 2100 ut
1077 2029 1079 2036 ’

187 2136 329 2196 revincat
359 2136 515 2213 quicquid
547 2137 617 2196 Deo
651 2147 683 2197 et
714 2137 888 2198 virtutibus
923 2147 975 2197 est

221 2235 429 2295 contrarium.
472 2235 563 2296 Sicut
584 2251 667 2311 aqua
688 2243 720 2293 et
742 2232 827 2310 ignis
849 2242 975 2293 contra·

221 2332 360 2393 riantur:
390 2332 437 2392 sic
468 2332 585 2392 caritas
608 2332 669 2392 Dei
694 2342 727 2392 et
748 2348 839 2391 amor
861 2331 973 2391 mundi

221 2447 286 2490 non
309 2430 483 2491 sociantur.
527 2429 658 2506 Quanto
680 2429 782 2506 magis
806 2445 843 2489 se
866 2429 973 2506 ipsum

221 2528 295 2604 quis
323 2528 424 2589 vincit
454 2538 486 2588 et
517 2527 665 2588 deiectus
696 2543 775 2587 suos
806 2527 975 2588 emendat:

184 2636 308 2686 aotanto
337 2627 411 2702 plus
439 2641 530 2686 amor
553 2624 614 2684 Dei
646 2623 678 2684 in
708 2641 748 2685 eo
777 2625 913 2685 crescit:
943 2635 975 2685 et

221 2724 328 2783 carnis
363 2723 501 2783 affectus
531 2721 703 2783 marcescit
739 2731 770 2782 et
802 2722 975 2783 decrescit.

222 2820 287 2897 Qui
304 2821 389 2880 male
411 2838 447 2880 se
470 2821 566 2881 habet
589 2820 682 2880 etde
704 2821 767 2880 hoc
788 2837 854 2881 non
877 2821 976 2894 dolet,

221 2918 279 2978 sed
301 2916 531 2994 incorrigibilis
546 2927 670 2978 manet:
693 2915 790 2977 laedit
807 2916 975 2978 caritatem

221 3024 253 3075 et
275 3015 410 3092 dissipat
431 3016 552 3075 bonum
576 3015 674 3091 pacis.
711 3014 785 3074 Non
808 3023 858 3074 est
880 3025 976 3092 aptus

185 3112 260 3172 asad
283 3113 507 3188 concordiam,
538 3112 601 3172 nisi
626 3111 681 3188 qui
711 3112 866 3189 relinquit
895 3129 976 3173 suos

222 3226 397 3285 perversos
408 3227 534 3270 mores:
550 3210 669 3287 quibus
684 3209 852 3271 offendere
868 3221 977 3287 potest

223 3307 329 3367 Deum
345 3317 376 3367 et
392 3324 504 3368 secum
522 3308 714 3368 habitantes
737 3307 770 3368 Si
787 3307 837 3368 vis
853 3309 976 3370 habere

221 3405 386 3465 caritatem
417 3407 496 3481 Dei,
527 3416 558 3466 et
586 3422 718 3467 servare
748 3422 860 3481 pacem
890 3406 978 3467 inter

222 3501 354 3577 iratres3
385 3503 495 3580 frange
518 3503 680 3580 propriam
703 3504 922 3578 voluntatem,
945 3515 978 3565 et

577 3607 618 3649 aaa
