2142 4194
113 1277 289 1329 lNClPlVNT
307 1279 580 1331 ADMONITIONES
598 1279 645 1328 ΑΙ)
663 1280 817 1330 INTERNA

358 1358 565 1408 TRAHENTES

123 1650 176 1710 DE
198 1650 392 1712 lNTERNA
415 1650 801 1713 CONVERSATIONE.

337 1833 543 1883 CAPITVLVM
561 1833 581 1882 Ι.

90 1962 111 2102 Q
142 1952 251 2113 ἰώ)
266 1970 392 2045 lignum
413 1969 472 2029 Dei
494 1970 578 2029 intro
604 1985 660 2028 vos
687 1973 736 2028 est
759 1968 861 2034 dicits

88 2096 111 2132 a
238 2092 254 2136 a
287 2067 453 2127 Dominus.
485 2066 652 2128 Converte
668 2075 699 2126 te
715 2084 755 2126 ex
771 2075 837 2127 toto

90 2140 112 2291 ᾗ
141 2134 178 2261 [φ
229 2162 253 2265 i]
288 2165 385 2225 corde
408 2165 447 2224 ad
469 2163 665 2240 Dominum3
687 2173 719 2223 et
740 2163 837 2224 relin-

160 2238 187 2273 '‘
287 2278 352 2338 que
374 2264 462 2322 hunc
482 2261 639 2322 miserum
662 2261 837 2322 mundum:

88 2366 117 2416 et
142 2359 290 2420 inveniet
317 2359 425 2420 anima
452 2369 506 2420 tua
535 2360 692 2436 requiem.
738 2359 837 2419 Disce

88 2457 244 2517 exteriora
273 2467 484 2518 contemnere
513 2467 544 2517 et
566 2458 604 2517 ad
629 2457 785 2518 interiora
805 2467 837 2517 te
850 2483 875 2523 ro

88 2552 173 2614 dare:
197 2564 231 2614 et
245 2554 372 2615 videbis
387 2572 523 2632 regnum
541 2555 602 2614 Dei
618 2555 651 2615 in
667 2565 698 2614 te
714 2555 837 2616 venire.

88 2649 139 2711 Est
159 2652 249 2713 enim
273 2669 409 2729 regnum
426 2652 488 2712 Dei
504 2669 564 2728 pax
582 2661 614 2712 et
628 2652 781 2728 gaudium
804 2652 837 2712 in

87 2748 197 2824 spiritu
227 2759 357 2811 sancto:
386 2751 474 2827 quod
501 2767 567 2810 non
597 2750 690 2810 datur
718 2749 837 2826 impiis

87 2845 201 2908 Veniet
216 2848 256 2907 ad
271 2857 303 2908 te
319 2847 475 2909 Christus
490 2848 668 2909 ostendens
683 2848 740 2908 tibi
763 2865 838 2908 con-

86 2945 277 3005 solationem
300 2963 408 3006 suam:
431 2946 459 3006 si
475 2945 604 3023 dignam
626 2946 672 3006 illi
689 2947 728 3006 ab
751 2945 838 3006 intus
851 2973 875 3014 15

87 3043 249 3116 paraveris
265 3044 480 3104 mansionem.
509 3044 627 3106 Omnis
642 3043 745 3120 gloria
766 3043 839 3104 eius

86 3148 114 3199 et
134 3141 236 3201 decor
257 3142 296 3201 ab
320 3141 405 3201 intra
428 3151 494 3202 est:
524 3151 556 3202 et
585 3142 628 3202 ibi
658 3141 839 3216 complacet

86 3236 151 3299 sibi.
182 3239 353 3314 Frequens
376 3239 421 3298 illi
444 3239 586 3300 visitatio
610 3257 683 3300 cum
704 3239 837 3300 homine

86 3334 229 3414 interno;
258 3337 364 3398 dulcis
389 3337 620 3398 sermocinatio
648 3346 737 3415 grata
762 3354 838 3398 con·

86 3435 213 3495 solatio:
236 3435 340 3495 multa
360 3453 431 3512 pax,
455 3435 657 3496 familiaritas
679 3435 875 3512 stupendam

87 3532 189 3594 nimia
234 3533 292 3594 Eia
320 3533 428 3594 anima
451 3533 558 3594 fidelis
582 3551 737 3611 praepara
760 3533 837 3593 huic

446 3639 475 3682 sa
