2146 4194
243 454 364 508 dmm
435 454 474 496 DE
490 453 670 497 ΙΜΙΤΑΊΊΟΝΕ
685 452 809 496 CHRISTI
881 451 1000 506 &m

244 588 299 648 lux
326 598 397 649 tua:
426 598 459 648 et
487 586 594 647 omnis
622 587 804 648 aestimatio
832 587 1000 663 quantula-

245 702 385 763 cumque
400 685 535 746 minima
554 685 587 745 in
602 686 687 745 valle
703 683 894 751 nihileitatis
908 699 1000 744 meae
1059 703 1064 822 4

245 784 473 861 submergetur
494 793 526 844 ct
547 783 665 859 peribit
686 782 720 842 in
741 793 923 844 aeternum.
959 780 999 841 lbi

245 880 391 942 ostendis
414 880 580 955 memini,
604 880 681 957 quid
704 897 777 941 sum
800 879 877 958 quid
901 878 952 938 lui
973 887 1001 938 et
1061 845 1064 944 i

222 993 310 1056 squo
332 977 466 1038 deveni:
495 978 571 1055 quia
599 977 680 1038 nibil
710 995 782 1039 sum
812 988 845 1038 et
865 976 1001 1037 nescivi.

240 1076 280 1161 ,si
303 1075 382 1136 mihi
406 1075 467 1152 ipsi
490 1075 674 1152 relinquor:
696 1091 774 1136 ecce
794 1073 875 1135 nihil
891 1083 925 1134 et
940 1083 1002 1134 tota
1061 1059 1064 1204 J

245 1173 427 1234 infirmitas.
448 1172 481 1234 Si
493 1183 600 1234 autem
612 1173 719 1234 subito
733 1190 786 1233 me
802 1172 1002 1249 respexeris3

246 1269 1001 1348 statimfortisellicior:etnovorepleorgaudio.
1062 1253 1064 1304 l

248 1369 285 1429 Et
307 1368 425 1428 mirum
448 1369 559 1444 valde,
588 1369 674 1446 quod
696 1369 743 1430 sic
771 1379 906 1446 repente
930 1368 1003 1428 sub·

213 1466 339 1526 rolevor
366 1476 398 1527 et
426 1476 490 1527 tam
520 1466 660 1544 benigne
689 1477 759 1528 ate
789 1466 1002 1543 complector:

247 1563 301 1641 qui
318 1563 448 1640 proprio
464 1564 608 1640 pondere
624 1581 756 1642 semper
772 1565 811 1626 ad
826 1564 892 1624 ima
907 1565 1003 1624 feror.

248 1663 335 1723 Facit
357 1664 419 1723 hoc
441 1679 532 1723 amor
555 1672 631 1723 tuus
659 1663 758 1741 gratis
787 1662 1004 1739 praeveniens
1063 1653 1064 1732 l

248 1777 311 1835 me,
333 1770 364 1821 et
386 1759 419 1819 in
436 1769 500 1820 tam
517 1760 629 1821 multis
644 1759 846 1820 subveniens
861 1758 1004 1820 necessi·

247 1858 384 1933 tatibus3
418 1875 437 1917 a
466 1857 619 1935 gravibus
655 1874 785 1934 quoque
816 1857 1005 1919 custodiens

215 1972 301 2016 rsrne
330 1955 501 2032 periculis:
530 1965 562 2016 et
590 1956 629 2015 ab
657 1954 841 2016 innumeris
870 1965 905 2016 ut
928 1970 1005 2015 vere

248 2055 353 2115 dicam
376 2054 519 2131 eripiens
537 2055 642 2115 malis.
672 2054 728 2114 Me
743 2053 907 2130 siquidem
923 2051 1007 2112 male

250 2151 386 2211 amando
410 2167 463 2211 me
488 2151 630 2227 perdidi;
659 2161 691 2212 ct
718 2161 751 2212 te
779 2151 887 2211 solum
910 2167 1006 2227 quae·

250 2249 351 2309 rendo
374 2258 405 2309 et
426 2266 507 2325 pure
529 2250 666 2311 amando
690 2265 744 2309 me
773 2257 805 2308 et
832 2257 865 2308 te
887 2246 1009 2323 pariter

250 2346 377 2406 inveni:
399 2356 495 2424 atque
511 2362 676 2407 examore
691 2345 888 2422 profundius
905 2344 944 2404 ad
960 2343 1007 2403 ni·

214 2445 353 2505 aohilum
376 2461 428 2504 me
451 2444 571 2521 redegi.
609 2443 696 2522 Quia
716 2453 751 2504 tu
773 2459 793 2502 ο
814 2440 1008 2502 dulcissime

252 2542 332 2601 lacis
361 2558 489 2602 mecum
519 2558 617 2618 supra
647 2541 799 2602 meritum
830 2556 944 2599 omne:
977 2548 1009 2598 et

251 2656 349 2715 supra
371 2638 402 2697 id
425 2655 521 2715 quam
537 2638 640 2698 audeo
658 2654 791 2714 sperare
813 2637 865 2697 vel
884 2652 1009 2712 rogare.

253 2735 452 2796 Benedictus
483 2734 529 2794 sis
561 2736 652 2795 Deus
683 2751 795 2810 meus3
825 2733 902 2810 quia
933 2731 1010 2792 licet

252 2850 312 2911 ego
343 2833 495 2893 omnibus
525 2832 620 2892 bonis
651 2831 713 2893 sim
747 2831 919 2908 indignus:
952 2839 1011 2889 tua
1063 2901 1064 2912 χ

217 2941 361 2991 zstamen
384 2929 535 2990 nobilitas
564 2940 595 2990 et
617 2929 743 2990 infinita
766 2929 895 2989 bonitas
916 2944 1011 2988 num-

254 3044 349 3104 quam
372 3038 479 3087 cessat
500 3027 695 3088 benefacere
710 3026 806 3087 etiam
823 3025 956 3103 ingratis
978 3036 1012 3085 et

254 3126 349 3202 longe
371 3142 389 3183 a
410 3135 442 3185 te
463 3124 599 3185 aversis.
640 3123 808 3186 Converte
829 3140 891 3183 nos
906 3122 944 3182 ad
966 3131 1013 3196 te,

255 3232 289 3283 ut
311 3221 414 3281 simus
440 3222 520 3299 grati
549 3221 692 3282 humiles
721 3231 752 3282 et
781 3220 906 3281 devoti:
933 3219 1014 3296 quia

212 3362 214 3368 ¹
254 3319 344 3379 salus
372 3329 482 3380 nostra
510 3329 544 3380 tu
576 3337 629 3395 es,
660 3319 763 3380 virtus
793 3329 824 3378 et
856 3317 1012 3378 tortitudo

219 3427 375 3478 mnostra.
