2138 4196
241 443 363 496 mm
434 440 806 484 nermrnrlonecnnrsrr
876 440 998 493 &aare
1054 423 1055 430 ’

284 601 412 679 QVOD
435 599 601 663 MAGNA
626 598 884 661 DILIGENTIA
906 599 955 660 SE

311 699 485 760 DEBEAT
506 696 933 762 COMMVNICATVRVS

361 795 557 859 CHRISTO
581 794 881 856 PRAEPARARE.

500 973 570 1017 VOX
593 971 739 1018 DILECTI.

483 1122 689 1174 cnP1TVLvm
706 1123 761 1172 XII.

241 1203 402 1429 5&OE
425 1278 498 1320 surn
521 1260 670 1337 puritatis
692 1269 830 1320 amator:
855 1270 888 1320 et
909 1261 1000 1321 dator

368 1360 476 1419 omnis
497 1358 687 1419 sanctitatis.
724 1357 789 1434 Ego
805 1375 862 1417 cor
881 1375 999 1435 purum

243 1474 381 1534 quaero:
396 1467 429 1517 et
439 1457 483 1516 ibi
495 1465 545 1516 est
559 1457 653 1516 iocus
668 1455 881 1532 requietionis
897 1473 1000 1516 meae.

245 1555 327 1614 Para
357 1555 436 1614 mihi
468 1554 660 1614 cenaculum
693 1553 814 1630 grande
845 1563 1000 1615 stratum:

210 1667 234 1708 ιο
243 1661 276 1712 et
298 1651 413 1712 faciam
436 1652 520 1726 apud
542 1660 574 1712 te
596 1652 716 1727 pascha
732 1667 806 1710 curn
829 1650 1001 1726 discipulis

243 1749 337 1809 meis.
380 1749 414 1809 Si
436 1749 487 1808 vis
508 1759 544 1808 ut
571 1748 700 1808 veniam
723 1748 762 1807 ad
784 1757 832 1822 te,
861 1755 893 1807 et
915 1747 1000 1823 apud

244 1857 275 1906 te
297 1863 464 1921 maneam,
495 1863 638 1922 expurga
660 1856 756 1906 vetus
785 1845 1001 1905 fermentum:

243 1954 276 2004 et
304 1943 425 2003 munda
453 1943 561 2004 cordis
590 1943 636 2003 tui
665 1942 894 2003 habitaculum.
941 1942 1002 2002 Ex·

244 2039 339 2100 elude
354 2050 456 2100 totum
472 2042 640 2101 saeculum
656 2050 689 2101 et
703 2057 833 2100 ornnem
845 2039 1001 2100 vitiorum

210 2137 433 2214 istumultum3
448 2139 527 2199 sede
537 2148 700 2214 tamquam
711 2154 825 2213 passer
835 2137 1003 2198 solitarius

243 2235 277 2294 in
292 2244 394 2295 tecto:
409 2244 442 2295 et
457 2235 561 2311 cogita
572 2251 730 2294 excessus
745 2244 819 2294 tuos
836 2233 871 2294 in
885 2234 1003 2294 amari·
1054 2259 1055 2270 ¹

242 2333 355 2393 tudine
364 2333 491 2392 animae
500 2342 583 2392 tuae.
600 2321 868 2408 Omnisnamqne
877 2349 1004 2407 amans,

242 2445 303 2488 suo
314 2428 432 2489 dilecto
449 2429 583 2490 amatori
599 2429 757 2504 optimum
773 2439 805 2489 et
820 2430 1003 2506 pulcherri-

242 2543 331 2585 mum
354 2537 524 2602 praeparat
547 2528 672 2587 locum:
703 2527 778 2604 quia
806 2527 840 2587 in
862 2528 926 2587 hoc
948 2545 1002 2588 co·

206 2623 410 2700 agnoscitur
431 2623 570 2684 affectus
595 2624 805 2701 suscipientis
834 2625 1002 2687 dilectum.

244 2721 331 2782 Scito
350 2731 459 2782 tamen
475 2732 507 2782 te
522 2740 588 2783 non
603 2741 702 2799 posse
717 2722 907 2783 satisfacere
923 2723 1001 2783 huic

242 2820 478 2896 praeparationi
515 2837 555 2880 ex
591 2821 707 2881 merito
740 2830 814 2880 tuae
844 2820 1001 2882 actionis:

243 2918 1002 2994 etiarnsiperintegrumannumtepraeparares

243 3026 274 3078 et
296 3015 377 3075 nihil
399 3015 486 3075 aliud
509 3016 542 3074 in
564 3026 674 3076 mente
694 3016 842 3076 haberes.
879 3015 944 3076 Sed
961 3033 1001 3076 ex

206 3114 312 3174 assola
333 3113 452 3189 pietate
475 3122 508 3172 et
528 3112 630 3190 gratia
651 3130 724 3172 mea
739 3113 939 3188 permitteris
961 3113 1000 3173 ad

242 3226 389 3270 mensam
406 3227 511 3270 meam
528 3211 702 3287 accedere3
724 3228 761 3270 ac
784 3210 811 3270 si
827 3212 1000 3271 mendicus

241 3307 280 3367 ad
295 3308 466 3384 prandium
478 3319 651 3370 vocaretur
665 3309 785 3383 divitis,
801 3318 833 3369 et
848 3307 903 3368 ille
917 3309 998 3369 nihii

241 3403 328 3464 aliud
350 3405 467 3465 habeat
488 3405 527 3465 ad
556 3405 801 3466 retribuendum
828 3405 999 3466 beneficiis

242 3501 327 3562 eius:
343 3502 406 3562 nisi
422 3519 459 3562 se
474 3504 676 3564 humiliando
692 3514 723 3564 et
738 3503 767 3563 ei
782 3502 997 3580 regratiando.

601 3609 639 3651 rar
