2178 4186
95 442 853 497 memmium

128 638 184 698 DE
208 636 451 698 SPIRITVALI
476 635 630 698 ΙΝΟΡΙΑ
653 636 705 697 ET
727 636 825 697 SVB-
893 673 896 678 -

207 734 463 796 TRncT10NE
486 733 741 796 SVAVITATIS

361 831 592 893 INTERNAE.

347 1007 553 1058 CAPITVLVM
572 1009 603 1057 V.

96 1104 368 1323 fflnupertas
383 1162 518 1239 gratiae:
533 1163 663 1239 gravior
677 1162 765 1222 omni
778 1179 876 1238 pau-s

225 1270 349 1337 pertate
365 1270 508 1320 naturae.
532 1260 644 1336 Inopia
658 1259 853 1336 spiritualis:

97 1359 178 1418 dura
188 1358 321 1419 afflictio
333 1369 384 1418 est
393 1357 531 1418 animae.
554 1357 741 1434 Castigatur
755 1374 853 1433 saepe

97 1457 220 1517 iustus:
243 1457 371 1517 interno
393 1455 515 1515 solacio
531 1455 659 1515 occulte
679 1456 853 1516 subtracto.

99 1555 252 1616 Eruditur
266 1565 374 1616 tamen
390 1553 520 1613 animus
536 1552 688 1629 flagellis:
704 1569 745 1612 ne
762 1554 801 1613 de
816 1570 853 1612 se

97 1664 283 1728 praesumat
297 1650 447 1712 inbonis.
470 1651 570 1711 Novit
586 1668 663 1727 ergo
676 1650 853 1711 Dominus:
865 1669 890 1710 ro

97 1746 175 1822 quid
197 1747 253 1807 tibi
276 1747 319 1807 sit
340 1747 462 1808 utilius.
499 1747 604 1825 Saepe
626 1750 719 1809 obest
741 1748 853 1809 saluti:

97 1845 184 1920 quod
206 1856 239 1905 tu
263 1847 477 1906 vehementer
497 1845 641 1907 affectas.
678 1846 734 1906 Est
756 1846 852 1907 etiam

97 1959 196 2018 saepe
218 1959 276 2018 pro
299 1953 347 2003 te:
377 1944 464 2020 quod
486 1954 519 2004 tu
542 1944 697 2005 aestimas
721 1944 777 2005 tibi
800 1946 854 2004 ad·

97 2039 232 2100 versari.
270 2040 391 2103 Placita
412 2042 474 2102 sibi
497 2042 585 2117 cupit
607 2042 772 2104 infirmus:
795 2044 853 2103 sed

98 2137 246 2197 medicus
269 2139 321 2199 dat
343 2140 429 2215 quod
455 2140 546 2200 novit
575 2139 739 2200 salubrius
768 2157 852 2200 esse.
865 2159 889 2200 15

98 2233 218 2294 Sanius
228 2234 316 2295 iaces
327 2235 417 2296 humi
429 2247 625 2312 prostratus:
637 2254 732 2314 quam
745 2239 853 2299 stabas

97 2331 186 2392 intus
208 2333 322 2393 elatus.
353 2333 499 2394 Liberior
521 2345 571 2395 est
592 2352 716 2412 pauper
737 2335 770 2396 in
786 2353 854 2396 mo-

97 2430 196 2490 dicis:
212 2447 309 2506 quam
325 2431 418 2492 dives
432 2431 466 2492 in
482 2432 598 2508 opibus
614 2433 735 2494 multis.
757 2434 853 2494 Nulla

97 2545 150 2588 res
180 2528 314 2604 prodest
342 2529 502 2590 exterius:
534 2529 561 2590 si
591 2531 727 2592 interior
752 2531 854 2608 gratia

96 2625 182 2686 desit
218 2635 249 2686 et
282 2625 396 2686 virtus,
448 2626 481 2687 Si
519 2628 611 2687 Deus
646 2629 889 2690 dulcedinemao

95 2739 190 2782 suam
222 2723 278 2783 tibi
312 2724 491 2799 subtrahit,
522 2741 564 2785 ne
595 2726 742 2803 mireris;
778 2728 854 2804 quia

97 2820 210 2881 multis
232 2820 280 2880 sic
294 2821 427 2882 accidit:
450 2838 491 2882 ne
507 2822 568 2882 sibi
589 2822 670 2898 ipsis
685 2826 769 2886 hane
784 2843 853 2902 gra·

96 2918 173 2978 tiam
206 2919 379 2978 ascribant.
425 2919 604 2980 Iucundius
635 2933 685 2984 est
713 2939 789 2984 esse
820 2923 852 2982 in

96 3018 269 3078 tormentis
305 3028 337 3078 et
372 3017 405 3078 in
442 3035 590 3094 carcere,
626 3036 699 3080 cum
735 3021 853 3096 gratia:

97 3132 195 3191 quarn
222 3114 255 3175 in
278 3115 374 3175 domo
398 3115 533 3191 pulchra
555 3133 629 3176 cum
652 3118 890 3179 eonscientiaas

98 3212 191 3271 mala.
238 3210 304 3287 Qui
337 3213 592 3274 consolationem
625 3215 686 3275 Dei
719 3228 769 3277 est
800 3234 854 3277 ex·

5 3365 6 3374 ,
98 3320 229 3384 pertus:
260 3309 412 3371 omnibus
445 3311 566 3372 fastidit
597 3328 679 3388 quae
711 3313 853 3373 mundus

98 3406 251 3466 sensibus
267 3406 372 3468 offert.
402 3407 488 3470 Cum
504 3409 651 3470 senseris
672 3420 704 3470 te
720 3411 852 3472 caelesti

99 3519 172 3563 rore
194 3503 381 3579 perfusum:
403 3515 504 3566 totum
522 3507 592 3566 Deo
615 3506 783 3567 humiliter
805 3524 853 3568 re-

456 3610 496 3652 aar
