2160 4194
221 424 301 478 m
346 421 487 466 LIBELLVS
503 420 687 466 SPlRlTVALlS
703 419 854 464 EXERClTll
900 421 984 473 m

224 557 284 618 Dei
308 555 546 618 comedendum
567 564 633 615 est:
656 554 731 632 quia
746 556 982 632 eleemosynae

223 655 367 716 lidelium
379 663 456 714 sunt
464 652 632 713 etlabores
641 668 830 729 egenorum.
841 651 984 728 Semper

223 752 262 812 ad
284 766 459 812 commune
480 749 692 809 refectorium
715 750 814 810 vadas
837 749 914 826 quia
935 748 982 808 ibi

224 849 326 911 maior
336 849 463 910 animae
478 847 620 908 fructus:
636 847 801 925 etpuriori
817 847 894 908 inde
905 864 983 908 con·
1068 831 1069 880 ³

200 947 361 1008 sscientia
389 961 463 1006 cum
491 944 665 1022 gratiarum
695 945 822 1007 actione
843 944 983 1022 prandio

225 1046 308 1106 iacto
324 1061 486 1121 resurges.
510 1043 556 1102 lbi
572 1060 646 1103 cum
663 1043 771 1105 debita
781 1060 937 1104 mensura
949 1055 984 1105 et
1068 1041 1069 1046 ’

224 1142 337 1203 maiori
350 1141 522 1218 disciplina
536 1141 719 1202 necessitas
734 1141 876 1202 sumitur
889 1150 983 1202 natu·

225 1257 295 1301 rae:
311 1250 344 1301 et
358 1239 525 1316 superflua
540 1248 741 1300 resecantur.
771 1239 816 1299 lbi
833 1238 984 1300 susurria

225 1337 824 1399 nullatenusaudiuntur:sedverbum
835 1335 897 1396 Dei
909 1335 983 1396 sine
1068 1325 1069 1336 ’

191 1457 216 1498 ro
226 1453 393 1497 murmure
416 1452 489 1497 cum
510 1434 641 1495 silentio
661 1442 884 1511 pertractatur.
915 1433 982 1511 Qui

226 1544 333 1595 autem
357 1534 390 1595 in
406 1533 530 1611 privato
546 1532 686 1607 libenter
701 1532 876 1593 comedunt
894 1529 983 1591 inlir-

227 1632 337 1693 mitate
354 1649 420 1691 non
436 1640 589 1708 cogente:
609 1641 664 1692 aut
678 1629 883 1707 disciplinam
903 1628 984 1705 fugi-

225 1740 304 1806 tant,
315 1739 369 1790 aut
378 1730 452 1806 gula
462 1729 648 1814 vincuntur.
671 1728 840 1791 Officiales
850 1735 986 1803 propter

228 1825 375 1902 hospites
391 1835 424 1886 et
439 1826 654 1887 necessitates
664 1836 833 1904 urgentes:
850 1823 985 1900 saepius

193 1923 344 1988 rsadesse
366 1940 431 1983 non
454 1933 601 1999 possunt.
645 1924 774 1984 Bonum
796 1933 905 1983 tamen
930 1937 985 1982 ex·

171 2052 174 2057 ·
227 2021 371 2096 emplum
394 2020 427 2080 in
443 2019 569 2080 edendo
585 2029 617 2081 et
638 2020 803 2097 loquendo
818 2019 891 2080 aliis
907 2020 985 2080 dare
1068 2071 1069 2090 ,

227 2126 397 2192 tenentur3
425 2133 467 2178 ne
489 2117 663 2178 occasione
685 2116 785 2178 oflicii
810 2116 984 2177 liberiores

228 2213 355 2290 effecti,
386 2225 476 2275 extra
506 2213 712 2292 disciplinam
743 2215 895 2275 tendant:
927 2214 983 2292 qui

228 2322 356 2373 ceteros
384 2312 446 2372 sub
468 2311 641 2388 disciplina
662 2328 795 2372 servare
820 2312 984 2374 iubentur.

192 2529 219 2570 ω
255 2506 311 2566 DE
335 2505 516 2567 FABVLIS
540 2505 591 2567 ET
613 2505 719 2569 OTIO
741 2505 962 2569 VITANDlS.

466 2661 672 2712 cnmrvuvn
690 2662 748 2712 v11.

229 2740 465 2958 lendio
495 2798 579 2859 lacto
608 2799 655 2859 ori
682 2808 738 2860 tuo
768 2800 897 2860 frenum
926 2801 986 2861 im·

236 2889 253 2950 d
360 2913 465 2972 pone:
501 2895 577 2973 quia
611 2906 688 2957 tunc
721 2897 901 2974 promptior
935 2910 986 2960 est

230 2996 329 3054 homo
340 2993 379 3052 ad
394 2993 593 3071 loquendum
605 3004 636 3055 et
651 2993 833 3056 ridendum.
855 2996 987 3057 Memor

194 3091 278 3154 assis
300 3092 453 3167 pauperis
477 3092 586 3152 Lazari
610 3093 649 3152 ab
671 3093 796 3170 angelis
820 3093 853 3154 in
876 3093 985 3155 sinum

231 3187 381 3248 Abrahae
411 3189 587 3265 deportati:
616 3188 670 3267 qui
700 3189 753 3250 hic
781 3189 815 3251 in
842 3200 986 3268 egestate

231 3302 347 3363 magna
375 3295 407 3347 et
429 3286 596 3347 doloribus
618 3286 707 3346 vixit.
751 3287 853 3347 Dives
876 3296 985 3349 autem

232 3384 359 3445 deliciis
375 3395 408 3446 et
422 3385 674 3447 scurrilitatibus
685 3402 821 3446 vacans:
837 3385 987 3461 sepultus
1068 3389 1069 3400 ¹

231 3493 282 3543 est
310 3481 344 3542 in
373 3481 505 3544 inferno
527 3501 704 3560 numquam
731 3483 807 3544 inde
829 3483 986 3545 exiturus

588 3588 628 3630 an
