2138 4196
70 462 349 515 &amm
424 463 473 504 ¹1ss
544 462 825 514 mm

71 594 216 655 scientiis
238 613 370 656 eorum:
392 606 424 656 et
441 595 556 655 nonin
572 612 628 655 ore
644 595 823 655 hominum.

72 679 232 754 iustorum
255 692 377 753 laetitia
398 693 438 752 de
461 693 532 753 Deo
555 692 641 752 etin
665 694 735 752 Deo
757 702 824 753 est:

72 803 99 851 et
111 790 268 868 gaudium
284 806 398 849 eorum
414 790 454 849 de
465 789 612 850 veritate.
635 788 700 867 Qui
712 807 823 850 veram

72 899 100 949 et
125 899 294 949 aeternam
323 886 458 964 gloriam
490 886 669 946 desiderat:
701 895 823 962 tempo-

72 988 166 1047 ralem
190 1004 257 1049 non
277 995 377 1045 curat.
407 985 445 1044 Et
467 984 521 1060 qui
541 985 751 1059 temporalem
775 997 847 1044 re-s

72 1085 165 1162 quirit
173 1083 311 1161 gloriam
323 1091 377 1142 aut
387 1099 454 1141 non
464 1098 504 1141 ex
513 1081 621 1142 animo
630 1081 822 1143 contemnit:

72 1183 176 1242 minus
194 1198 305 1241 amare
323 1179 530 1240 convincitur
546 1180 731 1238 caelestem.
755 1179 823 1238 Ma-

72 1299 161 1358 gnam
173 1280 272 1339 habet
283 1277 391 1338 cordis
402 1276 681 1354 tranquillitatem:
695 1275 750 1353 qui
762 1293 822 1336 nec

73 1381 180 1440 laudes
210 1386 302 1437 curat
330 1392 391 1436 nec
419 1375 590 1451 vituperia.
633 1375 739 1434 Facile
762 1375 824 1434 erit

73 1487 242 1538 contentus
266 1485 299 1535 et
319 1484 469 1550 pacatus:
498 1474 593 1533 cuius
622 1472 859 1533 conscientiam

73 1576 187 1636 munda
209 1583 269 1634 est.
299 1573 372 1632 Non
395 1589 432 1632 es
454 1571 598 1631 sanctior
614 1570 641 1630 si
665 1569 823 1630 laudaris:

72 1690 130 1733 nec
156 1672 254 1732 vilior
275 1670 302 1729 si
325 1669 530 1745 vituperaris
573 1668 671 1746 Quod
699 1686 736 1728 es
760 1670 823 1728 hoc

73 1787 123 1830 es:
143 1786 204 1829 nec
226 1768 330 1828 maior
351 1767 415 1827 dici
435 1768 525 1826 vales
540 1784 636 1843 quam
653 1769 724 1827 Deo
739 1776 823 1827 teste

73 1868 125 1928 sis.
166 1867 200 1928 Si
223 1866 364 1927 attendis
388 1865 467 1941 quid
489 1865 574 1940 apud
596 1875 627 1924 te
649 1864 696 1924 sis
718 1865 823 1926 intus:

74 1984 134 2026 non
149 1964 278 2025 curabis
294 1963 371 2040 quid
384 1963 425 2022 de
436 1973 467 2022 te
478 1963 652 2039 loquantur
662 1963 822 2024 homines.
835 1979 859 2018 15

75 2066 176 2126 Homo
186 2064 276 2124 videt
286 2063 321 2123 in
332 2062 432 2122 facie:
448 2062 539 2121 Deus
551 2070 660 2121 autem
671 2060 704 2120 in
716 2061 823 2121 corde.

76 2163 175 2223 Homo
186 2162 372 2222 considerat
384 2170 492 2221 actus:
508 2163 600 2221 Deus
614 2177 693 2220 vero
709 2170 824 2236 pensat

75 2261 277 2321 intentiones.
307 2260 398 2319 Bene
414 2275 546 2335 semper
560 2275 656 2334 agere
676 2267 708 2318 et
722 2257 823 2318 modi·

76 2376 141 2418 cum
169 2359 210 2418 de
240 2373 278 2417 se
306 2368 436 2417 tenere:
465 2355 599 2416 humilis
627 2356 754 2416 animae
776 2355 823 2415 in-

76 2457 186 2517 dicium
217 2465 277 2516 est.
328 2454 425 2513 Nolle
456 2454 617 2514 consolari
646 2454 685 2514 ab
717 2452 860 2529 aliquam

76 2564 230 2615 creatura:
266 2569 402 2628 magnae
433 2551 582 2628 puritatis
614 2559 646 2610 et
676 2551 823 2611 internae

76 2650 204 2711 liduciae
227 2649 356 2725 signum
380 2658 439 2709 est.
475 2649 540 2727 Qui
561 2650 686 2709 nullum
704 2649 823 2709 extrin-

76 2765 162 2810 secus
184 2765 244 2825 pro
267 2765 304 2807 se
319 2747 542 2807 testimonium
559 2748 698 2823 quaerit:
721 2747 823 2823 liquet

76 2848 151 2922 quod
182 2845 326 2907 totaliter
356 2862 393 2904 se
424 2845 494 2904 Deo
525 2845 698 2905 commisit.
748 2845 822 2905 Non

76 2944 153 3004 enim
176 2944 232 3022 qui
256 2960 293 3003 se
315 2943 423 3019 ipsum
446 2944 652 3003 commendat
674 2943 729 3003 ille
751 2959 859 3018 pro-25

75 3043 159 3104 batus
188 3053 239 3103 est
268 3043 312 3103 ait
332 3044 447 3103 beatus
462 3043 608 3126 Paulus:
637 3041 695 3100 sed
725 3057 821 3116 quem

76 3141 157 3202 Deus
186 3140 403 3201 commendat.
445 3136 622 3218 Ambulare
652 3154 725 3197 cum
752 3137 822 3196 Deo

75 3238 164 3316 intus,
188 3256 250 3300 nec
273 3238 381 3314 aliqua
402 3237 576 3297 affectione
593 3234 701 3297 teneri
726 3233 822 3294 foris:

76 3345 169 3397 status
190 3346 241 3397 est
264 3334 382 3395 interni
406 3334 558 3395 hominis.

417 3470 470 3525 88

430 3635 457 3676 69
