2160 4194
226 444 306 498 m
351 443 492 486 LIBELLVS
508 439 692 486 srlnl'tvnlls
707 441 858 485 ext-:ncltll
903 441 984 494 w

227 595 288 638 nec
325 578 482 654 desperes
522 576 761 637 consuetudine
796 593 896 653 prava
930 576 984 635 vel

227 676 334 738 subita
349 674 568 737 commotione
583 675 749 750 devictus3
766 673 825 733 sed
840 690 983 750 agnosce

228 783 352 834 reatum
362 782 466 848 tuum,
486 772 712 850 confitereque
723 772 894 832 delictum:
910 789 984 848 pro·

227 888 355 949 ponens
384 871 522 931 firmiter
550 871 727 931 emendare
749 879 782 930 et
803 886 921 930 cavere
941 869 984 929 de

204 979 336 1031 scetero
359 977 454 1045 prout
476 978 612 1045 oportet.

269 1069 566 1143 Praesumptuosus
594 1066 658 1127 cito
687 1066 839 1141 desperat
867 1065 900 1124 in
929 1065 984 1124 ad·

227 1165 350 1240 versis;
379 1165 513 1224 humilis
534 1181 613 1224 vero
642 1171 849 1239 contemptus
875 1172 907 1223 et
929 1179 983 1223 ex·

227 1263 398 1340 probratus
414 1262 517 1339 magis
535 1262 568 1322 in
585 1263 656 1322 Deo
677 1260 826 1322 conlidit:
849 1277 983 1337 oppres-

227 1377 350 1437 susque
386 1360 595 1421 convalescit.
645 1359 711 1437 Qui
741 1361 886 1419 honores
916 1375 983 1419 non

193 1476 218 1517 ro
228 1457 400 1533 desiderat,
422 1473 483 1517 nec
505 1457 636 1534 propria
655 1457 826 1517 commoda
840 1457 983 1534 quaerit:

228 1571 366 1614 securus
388 1565 420 1615 et
447 1554 593 1631 gaudens
622 1554 726 1632 pergit
750 1555 881 1632 ubique.
917 1553 983 1614 An-

227 1651 351 1728 gustias
362 1651 679 1729 patieturtquisquis
690 1662 821 1713 terrena
830 1663 983 1713 sectatur.

230 1749 275 1809 Ex
291 1749 422 1810 caritate
439 1749 581 1810 fraterna
595 1759 627 1810 et
641 1748 847 1810 oboedientia
862 1758 984 1825 sancta,

229 1848 378 1925 relinque
393 1848 534 1924 privata:
551 1858 583 1909 et
599 1847 648 1908 iac
664 1865 747 1925 quae
762 1847 819 1908 tibi
835 1847 984 1908 senseris

195 1967 219 2008 ιε
229 1945 375 2006 adversa.
418 1945 539 2007 Omnia
561 1945 725 2021 supplebit
747 1946 926 2006 Dominus:
950 1955 984 2005 et

229 2044 330 2104 multo
352 2043 471 2103 melius
500 2060 596 2120 quarn
626 2053 659 2104 tu
683 2042 806 2119 poteris
830 2042 983 2120 cogitare.

229 2141 262 2202 Si
286 2140 405 2201 iniuria
429 2140 485 2201 tibi
509 2140 560 2201 lit:
589 2157 692 2217 pensa
713 2141 789 2219 quia
809 2141 894 2201 bene
916 2158 984 2202 me-

228 2235 332 2298 ruisti.
376 2238 530 2299 Libenter
555 2237 692 2298 iniurias
714 2237 842 2298 remitte
864 2256 883 2297 a
903 2255 983 2316 quo-

229 2352 369 2412 cumque
400 2335 557 2397 inllictas:
589 2345 624 2396 ut
652 2337 743 2396 Deus
774 2335 892 2396 iterum
924 2336 982 2398 tibi

192 2441 363 2493 aocunctas
384 2433 523 2494 dimittat
544 2433 699 2494 offensas.
729 2433 815 2496 Cum
838 2433 984 2495 audieris

228 2529 369 2607 aliquem
398 2531 456 2591 tibi
479 2530 593 2591 durius
622 2530 726 2608 loqui:
757 2531 823 2591 noli
849 2541 984 2592 conten·

228 2631 306 2691 dere
332 2629 443 2691 verbis
471 2628 629 2705 austeris3
658 2629 717 2689 sed
745 2628 905 2704 patienter
933 2629 985 2690 fer

229 2726 338 2788 fratris
367 2726 512 2786 infirma:
541 2736 573 2787 et
600 2725 878 2802 indisciplinatum
901 2727 984 2788 doce

229 2823 353 2884 ratione
369 2823 530 2900 prudenti.
553 2823 619 2901 Qui
631 2823 732 2909 verbo
747 2839 812 2884 non
829 2823 984 2885 offendit:

192 2921 283 2984 asille
305 2920 471 2997 perfectus
486 2929 537 2981 est
551 2920 617 2981 vir:
640 2920 683 2981 ait
698 2921 812 2982 beatus
835 2921 984 2985 lacobus

229 3018 359 3079 Vtinam
382 3026 429 3078 tot
443 3019 528 3078 bona
549 3028 582 3079 et
603 3027 715 3079 sancta
729 3020 829 3079 verba
850 3020 986 3082 studeas

228 3116 392 3193 prolerre:
414 3127 492 3194 quot
513 3116 605 3192 prius
622 3132 705 3176 vana
725 3115 845 3177 dixisti.
876 3117 911 3177 ln
934 3134 985 3178 re·

229 3215 495 3292 compensatione
517 3214 615 3292 igitur
635 3214 757 3274 levium
779 3213 985 3275 nocentium·

229 3328 293 3390 que
314 3312 489 3372 verborum
512 3321 583 3372 tace
606 3320 837 3387 compunctus:
862 3313 914 3373 vel
937 3313 984 3373 lo-

192 3426 330 3488 aoquere
352 3407 528 3470 sollertiori
551 3409 648 3469 modo
670 3408 852 3485 praevisus.

584 3610 626 3653 346
