2142 4194
68 453 829 513 depromemnlresuozoosoro

68 599 155 649 orat:
184 599 218 649 et
245 606 287 649 ex
315 591 414 651 corde
442 592 555 667 culpas
583 592 745 669 indulget3
773 593 828 670 qui

70 687 199 748 veniam
222 687 263 746 ab
285 686 359 746 aliis
372 697 485 764 petere
507 706 573 749 non
594 692 751 752 retardat:
774 690 828 767 qui

72 785 200 845 facilius
235 785 413 846 miseretur
442 804 539 863 quarn
571 788 738 865 irascitur3
774 789 829 866 qui

71 883 131 944 sibi
161 883 225 960 ipsi
248 883 438 945 violentiam
464 885 655 962 frequenter
677 886 768 947 iacit:
798 894 830 946 et

71 998 202 1041 carnem
214 981 350 1042 omnino
361 981 489 1057 spiritui
499 983 673 1060 subiugare
685 992 853 1044 conatum

72 1079 195 1139 Melius
217 1088 269 1140 est
291 1080 387 1141 modo
403 1097 541 1156 purgare
559 1091 691 1158 peccata
706 1090 738 1142 et
753 1080 831 1140 vitia

71 1193 239 1238 resecare:
269 1195 366 1254 quam
395 1178 428 1239 in
459 1179 569 1240 iuturo
594 1180 760 1257 purganda
782 1196 831 1240 re·

71 1292 214 1336 servare.
247 1276 334 1336 Vere
356 1276 530 1353 nosipsos
552 1278 751 1355 decipimus:
772 1295 831 1354 per

71 1373 292 1434 inordinatum
324 1390 468 1434 amorem
500 1392 598 1451 quem
631 1375 669 1435 ad
698 1391 829 1435 carnem

71 1471 242 1532 habemus.
270 1470 359 1547 Quid
374 1471 461 1531 aliud
477 1471 563 1549 ignis
577 1472 633 1533 ille
648 1473 869 1548 devorabit31o

71 1568 135 1628 nisi
157 1577 292 1646 peccata
320 1568 401 1628 tua?
444 1568 575 1645 Quanto
604 1570 745 1648 amplius
772 1571 830 1631 tibi

71 1666 134 1743 ipsi
163 1684 253 1727 nunc
281 1666 406 1743 parcis,
437 1675 470 1727 et
499 1684 631 1729 curnem
662 1668 830 1745 sequeris:

70 1773 160 1824 tanto
183 1764 299 1826 durius
312 1773 427 1840 postea
441 1766 524 1841 lues,
546 1774 578 1826 et
592 1766 749 1828 maiorem
765 1786 831 1829 rna·

3 1889 4 1904 2
70 1862 186 1922 teriam
210 1862 423 1922 comburendi
449 1880 610 1925 reservas.
653 1865 689 1924 ln
712 1866 831 1942 quibus

71 1961 171 2020 homo
193 1960 357 2036 peccavit:
379 1960 414 2020 in
435 1961 502 2021 illis
515 1961 648 2038 gravius
667 1962 830 2038 punietur.
844 1985 868 2026 ιε
926 1973 928 1980 ’

73 2057 119 2118 lbi
136 2057 280 2119 acediosi
296 2058 485 2120 ardentibus
500 2059 642 2120 stimulis
655 2077 831 2138 perurgen-

72 2165 140 2216 tur:
162 2164 196 2216 et
216 2157 323 2233 gulosi
339 2155 462 2233 ingenti
478 2157 531 2217 siti
547 2175 585 2217 ac
607 2158 693 2218 lame
709 2159 831 2220 crucia-

72 2254 203 2314 buntur.
234 2253 280 2314 lbi
297 2255 454 2315 luxuriosi
478 2266 510 2314 et
525 2255 725 2331 voluptatum
746 2273 831 2316 ama·

73 2360 160 2412 tores
192 2351 318 2413 ardenti
352 2351 425 2427 pice
456 2360 488 2412 et
520 2351 641 2412 foetido
672 2353 831 2429 sulphure

71 2450 327 2524 perfundentur:
349 2458 382 2509 et
403 2448 489 2509 sicut
509 2449 623 2509 furiosi
640 2467 739 2511 canes
753 2468 868 2528 prae2o

72 2547 184 2608 dolore
195 2545 350 2606 invidiosi
361 2547 541 2608 ululabunt.
564 2547 699 2608 Nullum
715 2549 829 2609 vitium

4 2639 6 2652 '
71 2645 148 2706 erit:
169 2644 258 2722 quod
273 2661 370 2704 suurn
386 2643 553 2722 proprium
569 2646 748 2707 cruciatum
764 2663 829 2707 non

72 2742 212 2802 habebit.
244 2741 290 2801 lbi
314 2742 445 2818 superbi
462 2743 550 2803 omni
567 2743 761 2804 confusione
781 2761 831 2804 re·

72 2841 265 2915 plebuntur:
296 2848 328 2900 et
356 2839 443 2901 avari
473 2840 658 2902 miserrima
686 2851 830 2918 egestate

72 2939 272 2999 artabuntur.
309 2938 356 2998 lbi
379 2938 441 2998 erit
459 2956 524 2998 una
545 2940 626 2998 hora
646 2939 775 3015 gravior
797 2940 869 3001 inzs

72 3051 193 3109 poena:
216 3052 314 3112 quarn
337 3035 390 3095 hic
413 3045 543 3096 centum
560 3037 636 3097 anni
658 3037 692 3097 in
709 3037 831 3114 gravis·

73 3131 153 3193 sima
175 3132 385 3209 paenitentia.
430 3133 476 3193 lbi
498 3133 588 3192 nulla
616 3135 748 3211 requies
771 3145 831 3211 est,

5 3243 10 3262 ⁸
73 3231 159 3290 nulla
170 3229 352 3292 consolatio
363 3230 602 3290 damnatis:hic
613 3241 721 3293 tamen
733 3231 830 3294 inter-

75 3326 148 3387 dum
160 3337 309 3389 cessatur
324 3328 527 3405 alaboribus‚
542 3338 639 3406 atque
650 3331 828 3391 amicorum

78 3423 191 3486 fruitur
212 3421 355 3487 solaciis.
399 3427 474 3487 Esto
497 3428 593 3487 modo
616 3428 776 3488 sollicitus
798 3437 867 3491 etao

80 3521 197 3600 dolens,
214 3542 274 3601 pro
289 3524 433 3600 peccatis
447 3525 527 3585 tuis:
551 3535 585 3585 ut
601 3525 633 3586 in
650 3526 701 3586 die
718 3525 827 3586 iudicii

113 3628 201 3670 rhomae
211 3641 225 3670 u
236 3629 263 3672 K.
276 3628 360 3682 Opero.
377 3629 406 3671 ll.
438 3630 465 3670 49
708 3633 720 3672 4
