2138 4196
76 449 350 502 &mmm
419 449 480 492 1115
547 450 828 503 mm

77 583 166 643 Valet
193 582 291 659 igitur
319 583 358 643 ad
380 580 505 658 omnia3
534 593 565 644 et
587 584 688 644 multa
715 583 828 660 implet

78 690 107 740 et
127 679 256 741 effectui
273 679 450 756 mancipat:
474 681 527 741 ubi
550 698 616 741 non
638 697 751 741 amans
773 680 827 740 de·

79 777 141 838 licit
160 787 192 838 et
213 778 306 839 iacet.
349 777 452 839 Amor
472 779 583 856 vigilat
607 789 639 839 et
661 778 827 839 dormiens

77 893 138 935 non
159 875 327 952 dormitat3
349 875 500 953 fatigatus
521 894 586 937 non
609 877 758 951 lassatur,
779 893 828 936 ar-

76 983 157 1034 tatus
167 990 233 1033 non
243 983 374 1049 artatur,
384 973 516 1035 territus
527 993 593 1036 non
604 975 850 1036 conturbatum

76 1071 129 1131 sed
151 1071 238 1132 sicut
258 1071 353 1132 vivax
376 1071 505 1132 llamma
529 1082 561 1133 et
582 1071 701 1132 ardens
723 1071 828 1132 iacula

75 1185 203 1228 sursum
220 1168 361 1245 erumpit
375 1185 558 1246 secureque
573 1169 757 1246 pertransit.
793 1168 827 1229 Si

75 1265 146 1342 quis
167 1275 269 1326 amat:
297 1267 388 1327 novit
410 1266 487 1344 quid
509 1268 590 1327 haec
612 1285 675 1328 vox
701 1267 827 1328 clamet.

75 1364 213 1440 Magnus
236 1363 358 1424 clamor
379 1364 412 1424 in
435 1363 568 1424 auribus
584 1365 645 1425 Dei
669 1375 734 1426 est:
757 1364 828 1442 ipse

73 1462 191 1522 ardens
205 1461 344 1522 allectus
359 1462 498 1537 animae,
520 1479 603 1539 quae
618 1462 705 1524 dicit.
737 1463 828 1523 Deus
840 1483 865 1524 ro

73 1575 167 1618 meus
188 1576 280 1619 amor
301 1577 412 1621 meus:
435 1570 468 1621 tu
486 1570 573 1622 totus
589 1578 693 1637 meus,
715 1571 747 1622 et
769 1579 828 1638 ego

71 1667 158 1718 totus
170 1667 255 1717 tuus.
285 1657 391 1718 Dilata
401 1675 454 1718 me
469 1658 502 1718 in
514 1675 641 1736 amore3
656 1669 690 1720 ut
706 1659 827 1719 discam

72 1753 218 1815 interiori
235 1755 343 1815 cordis
358 1772 415 1815 ore
428 1755 600 1832 degustare
615 1774 711 1834 quam
727 1774 829 1817 suave

70 1853 113 1914 sit
128 1871 254 1914 amare:
273 1853 353 1915 etin
368 1871 479 1915 amore
488 1854 649 1932 liquefieri
661 1863 693 1915 et
708 1864 828 1915 natare.
875 1916 876 1919 ,

69 1949 198 2011 Tenear
226 1969 354 2012 amore:
385 1952 508 2012 vadens
539 1969 638 2028 supra
668 1968 721 2011 me
752 1969 828 2028 prae
841 1968 865 2012 rs

68 2049 173 2110 nimio
190 2049 320 2109 fervore
335 2058 367 2110 et
381 2059 525 2126 stupore.
552 2048 691 2111 Cantem
707 2050 828 2111 amoris

1 2177 3 2188 =
68 2145 252 2222 canticum,
281 2163 401 2224 sequar
428 2158 460 2208 te
484 2147 638 2209 dilectum
663 2166 772 2209 meum
795 2148 828 2208 in

68 2245 190 2304 altum:
219 2243 348 2306 deficiat
376 2245 409 2306 in
432 2246 527 2306 laude
551 2256 606 2306 tua
629 2245 736 2305 anima
757 2262 830 2306 mea

67 2341 214 2402 iubilans
236 2359 412 2404 examore.
447 2342 565 2404 Amem
584 2353 615 2404 te
637 2344 710 2420 plus
733 2360 828 2420 quam

68 2459 135 2516 me,
158 2459 220 2502 nec
243 2458 297 2501 me
318 2441 382 2502 nisi
398 2452 530 2518 propter
549 2452 591 2517 te,
613 2452 645 2501 et
660 2458 774 2502 omnes
796 2441 867 2502 inan

68 2550 101 2599 te
113 2539 171 2617 qui
184 2556 262 2599 vere
273 2549 381 2600 amant
391 2549 437 2600 te:
453 2539 538 2600 sicut
548 2539 637 2600 iubet
647 2540 699 2599 lex
710 2539 830 2599 amoris

68 2641 189 2699 lucens
218 2655 258 2698 ex
280 2647 322 2699 te.
365 2637 422 2698 Est
449 2654 541 2697 amor
562 2637 656 2698 velox
681 2636 831 2697 sincerus

69 2737 146 2813 pius
169 2734 333 2796 iucundus
353 2735 385 2796 et
399 2752 574 2810 amoenus3
597 2734 690 2795 fortis
704 2735 831 2812 patiens

69 2834 192 2909 fidelis,
213 2833 358 2910 prudens
380 2832 574 2910 longanimis
596 2832 716 2892 virilis:
741 2842 774 2892 et
794 2849 831 2892 se

68 2932 182 3008 ipsum
205 2947 383 3008 numquam
398 2946 571 3007 quaerens.
600 2928 661 2990 Vbi
685 2928 772 2989 enim
794 2946 868 2992 seza

68 3030 183 3106 ipsum
198 3028 317 3106 aliquis
333 3027 475 3105 quaerit:
498 3027 541 3087 ibi
557 3028 596 3087 ab
611 3044 722 3087 amore
737 3027 831 3087 eadit.

70 3128 130 3188 Est
146 3143 240 3186 amor
250 3126 509 3202 circumspectus
520 3125 654 3186 humilis
666 3134 698 3185 et
708 3134 831 3200 rectus3

68 3243 138 3285 non
162 3223 272 3284 mollis
287 3241 353 3284 non
375 3222 458 3283 levis
473 3240 535 3283 nec
550 3222 643 3282 vanis
658 3220 831 3282 intendens

67 3323 192 3383 rebus:
215 3321 346 3382 sobrius
368 3330 478 3381 castus
499 3321 625 3382 stabilis
647 3320 777 3397 quietus
800 3329 832 3380 et

67 3420 103 3480 in
128 3419 259 3480 cunctis
279 3418 432 3479 sensibus
448 3418 638 3479 custoditus.
671 3418 728 3478 Est
742 3435 869 3482 amorao

65 3517 244 3578 subiectus
259 3525 291 3578 et
306 3514 485 3577 oboediens
496 3516 664 3593 praelatis:
679 3516 740 3576 sibi
757 3515 831 3576 vilis

436 3621 475 3662 rsa
563 3617 570 3630 ·
