2142 4194
74 473 834 528 mmmmmsnttozaromaosmo

74 606 167 667 Tunc
196 607 271 684 pius
292 606 433 683 placebit
454 607 565 668 stricta
585 608 653 668 vita
679 617 712 668 et
735 608 835 668 ardua

75 704 291 781 paenitentia:
321 722 417 782 quam
447 705 554 766 omnis
578 706 749 766 delectatio
771 715 835 767 ter·

76 819 165 862 rena.
205 802 306 864 Disce
328 815 360 863 te
382 821 469 864 nunc
491 803 524 863 in
546 803 675 864 modico
696 804 778 880 pati:
800 813 835 864 ut

76 909 153 960 tunc
176 918 196 960 a
216 901 421 977 gravioribus
448 902 559 962 valeas
588 901 727 962 liberari.
771 901 834 961 Hic

76 998 183 1074 primo
198 1001 316 1075 proba:
332 999 409 1076 quid
424 999 533 1076 possis
548 1009 670 1076 postea.
697 998 732 1059 Si
747 1016 858 1059 nunes

77 1105 141 1156 tam
178 1114 294 1173 parum
329 1098 419 1158 vales
455 1097 636 1173 sustinere3
672 1097 835 1174 quomodo

77 1203 212 1254 aeterna
240 1203 401 1255 tormenta
431 1194 554 1272 poteris
585 1194 752 1255 sufferre?
801 1194 835 1254 si

77 1294 175 1353 modo
207 1293 336 1353 modica
368 1293 477 1370 passio
512 1303 576 1354 tam
612 1291 834 1369 impatientem

77 1390 198 1466 efficit3
219 1391 298 1467 quid
319 1393 470 1468 gehenna
491 1401 568 1451 tunc
591 1389 713 1449 faciet?
752 1389 836 1448 Ecce

78 1505 156 1548 vere
179 1505 247 1547 non
268 1497 362 1564 potes
384 1488 448 1548 duo
472 1487 588 1564 gaudia
616 1488 753 1546 habere:
782 1486 872 1546 de-ro

78 1585 192 1646 lectari
223 1585 277 1646 hic
299 1585 331 1645 in
355 1587 476 1647 mundo
506 1595 538 1646 et
565 1593 679 1662 postea
700 1601 836 1661 regnare

78 1699 152 1743 cum
185 1683 331 1744 Christo.
377 1683 411 1744 Si
441 1700 546 1760 usque
577 1681 609 1740 in
641 1667 836 1743 hodiernum

79 1782 166 1842 diem
183 1798 316 1857 semper
330 1783 363 1843 in
379 1783 560 1842 honoribus
575 1791 607 1841 et
617 1781 837 1858 voluptatibus

78 1877 240 1954 vixisses;
269 1879 346 1954 quid
374 1887 477 1940 totum
506 1879 563 1940 tibi
586 1880 781 1955 profuisset,
809 1878 836 1937 si

80 1975 143 2035 iam
160 1976 244 2035 mori
260 1976 294 2035 in
310 1977 441 2037 instanti
458 1977 687 2053 contingeret?
718 1975 874 2037 Omnian

79 2091 157 2151 ergo
180 2072 324 2134 vanitas:
346 2084 474 2151 praeter
488 2091 597 2134 amare
614 2076 719 2135 Deum
738 2083 770 2134 et
791 2073 837 2133 illi

80 2171 140 2231 soli
171 2171 308 2231 servire.
354 2172 420 2248 Qui
449 2171 537 2232 enim
568 2173 675 2232 Deum
704 2189 744 2231 ex
773 2181 839 2231 toto

80 2271 180 2330 corde
200 2280 303 2346 amat;
324 2287 385 2330 nec
401 2281 539 2330 mortem
555 2287 617 2330 nec
632 2268 840 2346 supplicium,

80 2385 140 2429 nec
164 2367 324 2427 iudicium
340 2384 401 2427 nec
423 2367 590 2428 infernum
611 2368 742 2427 metuit:
765 2364 841 2441 quia

79 2467 250 2542 perfectus
281 2483 372 2526 amor
402 2484 556 2527 securum
586 2466 624 2526 ad
655 2466 760 2524 Deum
790 2478 877 2526 aceo

79 2581 214 2626 cessum
242 2563 328 2623 iacit.
371 2563 480 2640 Quem
504 2573 612 2624 autem
640 2563 745 2622 adhuc
767 2576 841 2635 pec-

8 2649 11 2662 ’
80 2679 155 2723 care
178 2661 336 2721 delectat:
365 2678 430 2720 non
453 2661 572 2722 mirum
597 2660 625 2720 si
648 2667 785 2719 mortem
809 2665 842 2715 et

79 2759 240 2821 iudicium
263 2759 383 2819 timeat.
427 2759 557 2818 Bonum
580 2768 688 2819 tamen
711 2764 778 2830 est,
807 2763 841 2813 ut

79 2858 106 2918 si
122 2857 267 2918 necdum
284 2873 375 2917 amor
389 2875 407 2916 a
422 2857 507 2916 malo
520 2866 552 2916 te
564 2863 708 2917 revocat:
724 2853 840 2913 saitem

80 2957 178 3016 timor
187 2953 385 3032 gehennalis
396 2965 554 3014 coerceat.
580 2953 645 3030 Qui
657 2968 736 3013 vero
746 2950 876 3015 timo-25

82 3072 149 3115 rem
180 3053 244 3113 Dei
274 3052 458 3128 postponit3
488 3052 543 3112 diu
575 3061 661 3111 stare
692 3049 725 3109 in
755 3049 840 3107 bono

82 3168 145 3213 non
174 3151 315 3213 valebit:
344 3149 402 3209 sed
431 3149 548 3209 diaboli
578 3149 714 3225 laqueos
743 3144 840 3205 citius

12 3249 16 3267 ⁸
81 3248 235 3310 incurret.

436 3377 489 3433 83
