2146 4194
69 493 354 546 mammaeam
415 493 488 536 mss
548 493 830 550 mmeramme

70 626 673 703 ardescuntinextinguibiliscaritatis.
688 629 829 690 Taceant

70 725 171 801 igitur
192 725 340 784 carnales
369 735 401 785 et
422 725 580 786 animales
608 727 760 787 homines
788 728 828 788 de

71 834 261 884 sanctorum
272 833 357 883 statu
368 822 549 883 disserere:
564 823 696 900 quinon
710 835 829 885 norunt

71 920 135 980 nisi
158 920 284 997 privata
304 922 420 998 gaudia
443 922 588 999 diligere.
632 924 776 984 Demunt
797 932 829 983 et

70 1018 194 1078 addunt
217 1035 275 1095 pro
303 1036 363 1079 sua
384 1020 611 1081 inclinatione:
640 1038 705 1081 non
735 1031 852 1098 prout⁵

70 1117 178 1191 placet
207 1126 359 1177 aeternae
388 1117 525 1178 veritati.
576 1120 612 1179 In
641 1119 751 1180 multis
779 1128 830 1180 est

71 1214 272 1290 ignorantia:
307 1231 421 1275 eorum
454 1216 594 1276 maxime
629 1217 684 1294 qui
715 1233 828 1293 parum

71 1311 256 1388 illuminati,
268 1330 340 1372 raro
351 1313 492 1390 aliquem
502 1314 646 1390 perlecta
655 1315 829 1375 dilectione

70 1409 233 1485 spirituali
256 1410 391 1487 diligere
406 1421 535 1471 norunt.
565 1412 706 1472 Multum
724 1413 829 1473 adhuc

71 1507 211 1567 naturali
240 1506 360 1568 affectu
389 1518 421 1568 et
449 1511 591 1569 humana
622 1509 763 1570 amicitia
790 1510 828 1569 ad
842 1523 866 1563 ιο

71 1606 134 1664 hos
163 1605 215 1665 vel
239 1606 278 1665 ad
304 1606 378 1666 illos
407 1608 595 1682 trahuntur3
623 1616 655 1667 et
683 1607 768 1667 sicut
796 1607 828 1666 in

71 1701 285 1763 inferioribus
296 1720 332 1763 se
344 1705 477 1765 habent:
489 1704 532 1764 ita
542 1713 574 1764 et
585 1705 624 1764 de
633 1704 829 1765 caelestibus

71 1799 300 1877 imaginantur.
350 1801 414 1862 Sed
446 1811 496 1862 est
526 1801 677 1862 distantia
707 1801 830 1862 incom-

70 1897 227 1972 parabilis
238 1914 321 1975 quae
336 1898 519 1974 imperfecti
532 1899 688 1976 cogitant:
704 1910 735 1960 et
746 1917 829 1978 quae

71 1994 245 2055 illuminati
262 1995 322 2055 viri
339 2013 397 2072 per
407 1996 640 2057 revelationem
654 2013 828 2072 supernam
840 2013 866 2053 15

71 2094 295 2169 speculantur.

113 2193 207 2254 Cave
229 2209 306 2270 ergo
328 2192 372 2252 lili
396 2193 436 2252 de
451 2192 524 2252 istis
541 2192 671 2252 curiose
692 2202 829 2253 tractare

71 2306 156 2366 quae
179 2299 267 2350 tuam
290 2289 460 2350 seientiam
484 2289 662 2364 excedunt3
686 2290 744 2349 sed
767 2291 829 2350 hoc

72 2388 177 2464 magis
199 2397 308 2464 satage
330 2397 362 2448 et
384 2387 532 2448 intende:
554 2396 589 2446 ut
604 2387 656 2447 vel
674 2387 830 2448 minimus

72 2485 105 2544 in
130 2501 231 2561 regno
250 2484 311 2544 Dei
334 2500 436 2562 queas
458 2484 609 2544 inveniri.
640 2484 677 2545 Et
699 2485 726 2544 si
743 2486 866 2562 quis-20

71 2583 158 2658 piam
189 2582 289 2642 sciret
311 2583 384 2659 quis
406 2581 470 2641 alio
491 2582 635 2641 sanctior
663 2593 752 2642 esset
778 2586 829 2644 vel

72 2679 178 2739 maior
191 2680 367 2740 haberetur
382 2679 415 2739 in
430 2695 530 2756 regno
549 2680 731 2755 caelorum3
752 2680 829 2756 quid

72 2777 102 2837 ei
126 2779 208 2837 haec
231 2777 344 2837 notitia
365 2778 545 2853 prodesset,
567 2776 630 2836 nisi
654 2793 690 2836 se
712 2794 752 2836 ex
770 2780 829 2835 hac

72 2874 261 2951 cognitione
292 2891 400 2933 coram
432 2889 485 2933 me
516 2872 703 2933 humiliaret
734 2882 765 2932 et
797 2873 829 2931 in

72 2973 232 3033 maiorem
247 2971 390 3031 nominis
405 2971 469 3030 mei
485 2971 613 3030 laudem
632 2970 866 3047 exurgeretias

74 3069 181 3129 Multo
209 3067 375 3144 acceptius
400 3069 471 3128 Deo
500 3068 576 3128 iacit
603 3068 658 3144 qui
688 3069 728 3128 de
757 3085 830 3144 pec-

71 3177 219 3226 catorum
237 3182 371 3225 suorum
388 3165 610 3242 magnitudine
627 3175 659 3225 et
674 3166 828 3226 virtutum

72 3280 207 3323 suarum
231 3262 387 3339 parvitate
410 3263 536 3339 cogitat,
561 3273 592 3323 et
613 3281 709 3340 quam
735 3263 830 3340 longe

71 3378 91 3419 a
111 3359 317 3437 perfectione
339 3370 525 3420 sanctorum
548 3361 660 3421 distat:
682 3378 778 3437 quam
802 3361 830 3420 is

72 3458 127 3533 qui
160 3459 201 3518 de
233 3474 347 3517 eorum
379 3457 559 3517 maioritate
591 3459 642 3518 vel
674 3459 867 3535 parvitatem

72 3554 225 3630 disputat.
249 3554 371 3614 illelius
382 3564 432 3615 est
447 3565 577 3615 sanctos
590 3555 717 3616 devotis
727 3556 830 3631 preci-

433 3659 474 3700 aso
683 3659 723 3701 17·
