2160 4194
174 1255 306 1306 INCIPIT
324 1256 491 1306 LIBELLVS
511 1258 555 1306 DE
574 1258 774 1309 DISCIPLINA

333 1336 613 1387 CLAVSTRALIVM.

101 1624 141 1683 IN
163 1625 327 1702 QVIBVS
344 1625 575 1687 CONSISTIT
596 1627 850 1689 DISCIPLINA

319 1722 627 1785 CLAVSTRALIS.

349 1893 554 1948 CAPITVLVM
573 1899 592 1948 I.
858 1912 871 1950 5

99 2009 164 2214 (ᾗῇ
229 2035 496 2147 ,apprehendite
538 2036 767 2112 disciplinam:
810 2053 849 2097 ne

311 2134 442 2207 qnando
464 2133 625 2194 irascatur
640 2134 797 2194 Dominus
818 2140 851 2193 et

96 2204 281 2327 ff?
307 2230 447 2306 pereatis
477 2231 517 2290 de
546 2231 600 2291 via
631 2231 727 2291 insto.
775 2230 849 2290 Dis-

311 2328 431 2404 prlina
453 2328 636 2389 claustralis
665 2328 692 2389 si
715 2339 849 2389 strenue

94 2435 254 2501 servetur,
276 2425 315 2485 ad
330 2443 478 2502 magnam
495 2426 731 2502 perfectionem
748 2426 849 2502 ducit3
862 2447 886 2488 ιο

95 2523 133 2582 ab
169 2533 302 2582 aeterna
337 2523 544 2584 damnatione
579 2523 712 2584 liberat:
748 2533 780 2582 et
815 2522 848 2581 In

95 2619 227 2680 caelesti
258 2637 357 2696 regno
385 2620 545 2682 altissime
573 2632 716 2682 coronat.
762 2621 850 2682 Con·

94 2717 181 2777 sistit
216 2726 323 2778 autem
355 2717 527 2794 disciplina
560 2719 593 2778 in
625 2717 728 2778 tribus
758 2734 849 2794 prae-

94 2815 207 2891 cipue:
239 2825 274 2875 ut
305 2815 471 2876 silentium
503 2816 587 2877 bene
618 2826 786 2891 servetur3
816 2826 851 2874 ut

94 2911 241 2973 divinum
271 2912 416 2974 officium
446 2914 562 2975 devote
591 2913 790 2973 celebretur:
819 2924 851 2973 et
862 2936 886 2976 rs

95 3026 177 3085 opus
199 3027 354 3070 manuum
380 3009 517 3087 impigre
545 3022 745 3072 exerceatur.
788 3009 849 3071 Vbi

95 3107 268 3184 disciplina
289 3107 392 3184 viget:
420 3109 464 3169 ibi
487 3110 591 3170 maior
618 3126 679 3184 pax
704 3119 736 3168 et
758 3107 851 3183 spiri·

96 3206 192 3266 tualis
214 3207 382 3282 proiectus
397 3207 572 3268 invenitur.
602 3206 662 3268 Vbi
679 3205 852 3281 disciplina

97 3303 198 3379 perit,
237 3303 280 3362 ibi
318 3303 491 3366 dissolutio
527 3305 663 3381 crescit3
698 3303 741 3364 ibi
774 3303 851 3363 vitia

98 3399 232 3461 Intrant:
255 3412 287 3461 et
309 3400 446 3462 virtutes
466 3413 673 3463 enervantur.
702 3403 764 3464 Vbi
787 3402 886 3464 dis-ao

98 3497 215 3575 prlina
237 3499 436 3575 custoditur,
464 3500 507 3560 ibi
537 3501 629 3560 adest
656 3499 758 3577 gratia
780 3517 850 3559 cae·

454 3603 494 3645 267
