2138 4196
107 1195 239 1246 INCIPIT
256 1194 399 1246 DEVOTA
411 1193 640 1245 EXHORTATIO
653 1193 701 1243 AD
718 1192 860 1244 SACRAM

341 1273 626 1326 COMMVNIONEM.

363 1546 433 1592 VOX
454 1543 604 1591 CHRISTI.

310 1665 405 1725 Enite
425 1664 468 1724 ad
490 1680 539 1724 me
560 1679 669 1723 omnes
697 1663 753 1738 qui
775 1663 862 1722 labo-

175 1625 251 1877 ᾗ]
332 1762 410 1822 ratis
431 1765 464 1820 et
483 1760 607 1820 onerati
628 1759 723 1820 estis:
750 1765 782 1819 et
806 1776 885 1834 egos

332 1859 471 1936 reficiam
503 1874 559 1918 vos
588 1858 669 1920 dicit
696 1859 863 1920 Dominus.

331 1957 430 2018 Panis
458 1973 550 2032 quem
579 1971 636 2031 ego
656 1956 760 2016 dabo:
788 1971 863 2016 caro

107 2075 181 2120 mea
210 2063 259 2117 est
287 2072 347 2133 pro
383 2055 495 2115 mandi
528 2055 606 2114 vita.
657 2053 799 2129 Accipite
833 2058 865 2113 et

105 2156 282 2226 comedam
303 2154 363 2215 hoc
383 2158 431 2213 est
450 2169 564 2228 corpas
586 2169 690 2214 meam
707 2152 793 2227 qaod
804 2167 864 2226 pro

105 2253 199 2316 vobis
219 2253 380 2312 tradetur:
401 2250 460 2310 hoc
475 2250 579 2327 facite
600 2249 633 2310 ἰη
656 2265 759 2309 meam
781 2264 914 2312 com-10.

105 2349 379 2411 memorativum.
410 2347 474 2426 Qui
489 2349 665 2409 manducat
679 2364 782 2408 meam
797 2362 864 2408 car·

105 2464 181 2510 nem
209 2452 243 2508 et
268 2446 347 2507 bibit
377 2462 480 2507 meum
510 2444 720 2521 sanguinem:
750 2444 784 2504 ἰη
816 2461 865 2504 me

105 2550 233 2616 manet,
261 2549 293 2604 et
318 2560 374 2620 ego
403 2544 437 2603 ἰη
459 2543 526 2603 illo.
573 2542 671 2603 Verba
699 2559 783 2618 quae
808 2558 864 2618 ego

105 2645 237 2704 locutus
257 2658 328 2702 sum
348 2640 457 2702 vobis:
483 2641 615 2717 spIn'tus
637 2645 670 2700 et
691 2641 759 2700 vita
780 2645 864 2700 sunt„

187 2820 287 2883 CVM
310 2818 494 2898 QVANTA
516 2815 793 2880 REVERENTIA
877 2838 902 2881 15

158 2915 378 2980 CHRISTVS
401 2916 466 2978 SIT
488 2914 818 2978 SVSCIPIENDVS.

332 3093 410 3138 vox
433 3092 647 3138 DISCIPVLI.

369 3225 573 3276 CAPITVLVM
591 3227 611 3276 I.

107 3290 295 3508 ΗΜ
311 3354 388 3405 sunt
402 3345 501 3405 verba
518 3354 572 3406 tua
587 3344 721 3407 Christe
737 3345 866 3407 Veritas

243 3455 393 3522 aeterna3
405 3445 554 3523 quamvis
564 3462 630 3504 non
643 3462 707 3505 uno
720 3454 902 3520 temporem

109 3544 250 3620 prolata:
265 3559 328 3602 nec
344 3560 408 3603 uno
423 3543 457 3602 in
472 3543 543 3602 loco
559 3541 750 3620 conscripta.
781 3541 866 3618 Quia

477 3647 502 3688 ει
