2142 4194
216 447 337 500 &w
407 447 446 490 DE
462 447 641 490 ΙΜΙΤΑΤΙΟΝΕ
656 446 780 490 CHRISTI
851 447 973 500 QZ>

216 579 428 641 inordinatis:
460 590 566 657 potest
595 598 631 641 se
660 582 699 641 ad
730 581 836 641 Deum
868 580 971 641 libere

216 687 419 753 convertere,
441 688 474 739 et
495 680 624 740 elevare
640 696 739 755 supra
756 695 792 738 se
807 678 915 754 ipsum
938 680 972 739 in
1065 705 1066 720 κ

216 777 331 854 spiritu
347 794 384 836 ac
400 776 533 838 fruitive
549 777 731 854 quiescere.
760 776 825 838 Cui
841 776 973 852 sapiunt
1065 795 1066 838 ς

215 875 324 935 omnia
352 884 448 951 prout
470 885 563 949 sunt,
591 892 657 936 non
680 884 715 934 ut
743 875 896 935 dicuntur
916 882 973 934 aut

192 973 445 1048 saestimantur3
480 973 533 1033 hic
565 989 643 1033 vere
674 971 806 1049 sapiens
837 981 903 1032 est:
940 982 972 1032 et

215 1072 330 1133 doctus
352 1070 455 1148 magis
478 1070 582 1130 aDeo
605 1087 701 1147 quam
718 1071 756 1130 ab
772 1069 971 1130 hominibus.

216 1169 282 1246 Qui
304 1169 343 1229 ab
365 1169 449 1229 intra
471 1168 532 1228 scit
554 1168 730 1243 ambulare,
752 1176 784 1228 et
806 1167 971 1228 modicum

215 1267 254 1326 ab
270 1276 360 1328 extra
375 1283 429 1326 res
444 1267 642 1343 ponderare3
664 1283 729 1326 non
746 1265 883 1342 requirit
900 1266 972 1325 loca
1067 1287 1068 1290 ¹

215 1381 276 1424 nec
305 1373 453 1441 expectat
480 1373 643 1440 tempora:
672 1363 711 1423 ad
740 1364 888 1423 habenda
916 1363 971 1423 de-

181 1479 205 1519 ιο
215 1472 289 1522 vota
317 1462 480 1523 exercitia.
530 1462 637 1521 Homo
666 1461 815 1521 internus
843 1461 907 1522 cito
934 1479 972 1521 se

215 1561 390 1638 recolligit:
421 1560 497 1637 quia
527 1576 704 1636 numquam
734 1576 771 1618 se
799 1568 902 1619 totum
931 1559 972 1619 ad
1068 1559 1069 1612 ἶ

215 1659 376 1719 exteriora
404 1657 551 1718 effundit.
593 1657 668 1717 Non
697 1656 743 1717 illi
767 1657 859 1717 obest
881 1657 973 1717 labor
1068 1685 1069 1706 κ

215 1757 366 1831 exterior,
387 1766 441 1817 aut
463 1756 631 1832 occupatio
653 1755 693 1815 ad
712 1765 841 1831 tempus
857 1771 971 1815 neces-

215 1853 316 1929 saria3
338 1853 396 1913 sed
412 1853 497 1913 sicut
519 1870 572 1912 res
588 1853 759 1913 eveniunt:
782 1852 830 1912 sic
846 1869 882 1912 se
904 1853 972 1913 illis

180 1971 204 2010 15
214 1951 445 2012 accommodat.
466 1950 531 2027 Qui
544 1951 631 2011 intus
641 1950 726 2010 bene
735 1950 913 2027 dispositus
921 1960 973 2012 est

215 2059 247 2110 et
267 2049 451 2109 ordinatus:
474 2065 539 2108 non
562 2059 652 2109 curat
668 2048 833 2109 mirabiles
853 2058 885 2110 et
900 2065 972 2125 per·

213 2163 329 2206 versos
351 2145 521 2206 hominum
546 2156 668 2223 gestus.
710 2145 849 2207 Tantum
871 2147 971 2206 homo

214 2244 389 2320 impeditur
420 2253 451 2304 et
481 2243 687 2304 distrahitur:
719 2253 874 2321 quantum
907 2243 971 2303 sibi

213 2357 267 2400 res
289 2341 429 2402 attrahit.
472 2340 505 2402 Si
529 2351 618 2402 recte
640 2341 696 2401 tibi
722 2350 810 2401 esset
833 2352 864 2401 et
886 2341 971 2401 bene

176 2448 368 2516 oopurgatus
400 2455 509 2499 esses:
545 2439 654 2500 omnia
685 2439 742 2499 tibi
778 2439 811 2499 in
847 2439 969 2498 bonum

213 2537 367 2597 cederent
396 2547 427 2596 et
449 2537 641 2612 proiectum.
684 2536 761 2598 ideo
784 2537 884 2597 multa
913 2539 969 2599 tibi

212 2634 386 2710 displicent
408 2642 439 2693 et
461 2651 559 2710 saepe
582 2634 790 2710 conturbant3
819 2635 896 2712 quia
917 2637 969 2697 ad·

213 2733 277 2791 huc
299 2748 364 2791 non
387 2749 424 2791 es
453 2731 597 2807 perfecte
625 2731 682 2792 tibi
712 2731 773 2808 ipsi
804 2743 969 2794 mortuus:

212 2845 273 2887 nec
296 2839 484 2906 segregatus
506 2829 545 2887 ab
559 2830 712 2890 omnibus
727 2829 877 2891 terrenis
915 2832 969 2891 Nil

176 2946 203 2988 25
213 2925 260 2986 sic
276 2927 414 2986 maculat
430 2936 461 2986 et
476 2926 619 3003 implicat
634 2945 690 2988 cor
705 2927 864 2988 hominis:
885 2928 970 2989 sicut

212 3022 361 3098 impurus
371 3040 462 3083 amor
477 3023 510 3083 in
522 3025 689 3086 creaturis.
719 3025 752 3086 si
769 3025 881 3085 renuis
893 3043 969 3086 con·

212 3119 310 3180 solari
325 3121 483 3181 exterius:
500 3121 622 3196 poteris
633 3123 793 3197 speculari
805 3123 970 3198 caelestia,

213 3228 244 3278 et
267 3218 455 3296 Frequenter
477 3219 612 3280 iubilare
635 3221 781 3281 interius.

563 3387 616 3442 88

576 3620 603 3660 62
