2138 4196
252 466 373 519 &w
444 466 483 508 DE
499 465 677 510 iMiTATlONE
693 465 817 508 CHRISTI
888 466 1004 519 ἴῶξρὶῶ

254 616 339 659 mea:
355 617 429 659 cum
445 599 589 675 perfecte
606 599 703 659 fuerit
718 599 809 659 unita
819 600 890 659 Deo
901 600 1005 659 anima

254 713 335 757 mea.
377 695 468 756 Tunc
496 696 582 756 dicet
610 696 700 756 mihi.
744 696 777 757 Si
799 706 833 757 tu
858 697 909 757 vis
933 714 1005 757 esse
1058 757 1059 776 ζ

254 812 401 869 mecum,
429 811 488 871 ego
517 794 591 854 volo
621 811 696 854 esse
725 803 843 854 tecum.
887 795 925 854 Et
947 811 1005 872 ego
1058 779 1059 784 ἵ

254 892 458 969 respondebo
474 891 530 952 illi.
561 893 703 968 Dignare
719 892 860 951 Domine
876 908 1006 951 manere
1058 943 1059 952 ,

232 1005 399 1051 smecum:
429 1006 488 1066 ego
517 989 591 1049 volo
620 989 760 1049 libenter
788 1006 863 1049 esse
889 999 1006 1049 tecum.

255 1088 326 1147 Hoc
349 1097 399 1148 est
420 1098 523 1148 totum
539 1088 738 1148 desiderium
754 1104 881 1147 meum:
904 1097 938 1147 ut
953 1104 1007 1147 cor

254 1202 363 1245 meum
385 1185 442 1246 tibi
465 1185 507 1245 sit
528 1185 665 1246 unitum.
891 1194 892 1198 ’

294 1397 352 1456 DE
375 1397 664 1474 QVORVNDAM
688 1395 967 1460 DEVOTORVM

361 1493 554 1555 ARDENTI
581 1495 817 1557 DESIDERIO
841 1495 901 1556 ΑΙ)

220 1609 245 1648 1o
439 1591 615 1654 CORPVS
638 1592 826 1654 CHRISTI.

497 1777 566 1823 VOX
586 1777 767 1824 DISCIPVLI.

479 1929 684 1980 CAPiTVLVM
703 1930 784 1978 XIIII.

291 2072 337 2151 (θ’
399 2083 495 2142 quam
512 2083 627 2142 magna
644 2067 815 2127 multitudo
826 2066 1012 2126 dulcedinis

264 2200 277 2221 i
299 2146 365 2223 ‘52ss
398 2171 472 2222 tuae
500 2164 657 2224 Domine:
686 2181 782 2241 quam
810 2165 1012 2225 abscondisti

220 2258 443 2320 istimentibus
465 2271 506 2321 te.
542 2261 680 2338 Quando
704 2262 857 2321 recordor
879 2264 1013 2323 devoto·

254 2374 325 2416 rum
357 2358 540 2435 aliquorum
576 2360 615 2419 ad
646 2370 885 2421 sacramentum
917 2371 1013 2420 tuum

254 2455 395 2516 Domine
410 2474 484 2516 cum
501 2456 641 2515 maxima
655 2456 828 2516 devotione
844 2467 876 2516 et
890 2456 1013 2517 affectu

254 2553 495 2614 accedentium:
526 2565 602 2614 tunc
631 2555 763 2630 saepius
791 2555 824 2613 in
856 2571 909 2614 me
938 2555 1014 2631 ipso
1058 2551 1059 2640 i

254 2650 437 2710 confundor
462 2661 494 2712 et
522 2653 699 2728 erubesco,
728 2653 813 2729 quod
843 2652 881 2712 ad
911 2654 1015 2713 altare
1058 2641 1059 2726 i

216 2758 344 2807 20tuum
361 2757 393 2808 et
407 2765 519 2808 sacrae
530 2749 771 2809 communionis
782 2766 930 2809 mensam
945 2761 1015 2811 tam

255 2845 363 2921 tepide
385 2856 417 2906 et
440 2846 555 2922 frigide
577 2847 696 2907 accedo
704 2865 714 2923 3
735 2847 821 2924 quod
841 2847 885 2907 ita
899 2847 1016 2909 aridus
1058 2867 1059 2930 4

254 2954 286 3004 et
316 2945 388 3004 sine
417 2943 590 3004 affectione
621 2945 728 3004 cordis
759 2962 891 3006 maneo:
925 2949 1016 3023 quod
1058 2957 1059 2960 ’

254 3059 319 3102 non
341 3059 414 3102 sum
436 3042 578 3103 totaliter
592 3058 751 3102 accensus
766 3058 875 3102 coram
890 3051 924 3102 te
941 3043 1016 3104 Deo

254 3155 338 3214 meo,
360 3155 420 3198 nec
443 3139 487 3199 ita
507 3141 722 3200 vehementer
736 3149 890 3200 attractus
913 3150 946 3200 et
970 3143 1016 3202 af-

217 3237 360 3297 2⁵iectus
391 3238 476 3298 sicut
506 3239 598 3298 multi
630 3238 738 3298 devoti
770 3238 920 3314 fuerunt;
957 3241 1015 3316 qui
1058 3263 1059 3266 ¹

254 3352 330 3410 prae
346 3335 447 3394 nimio
463 3335 626 3396 desiderio
642 3336 883 3396 communionis
894 3346 928 3396 et
939 3353 1015 3398 sen·

254 3432 339 3491 sibili
352 3433 459 3493 cordis
470 3432 697 3492 amoreailetu
709 3449 745 3492 se
756 3449 822 3492 non
834 3444 1015 3510 potuerunt
1058 3445 1059 3472 i

254 3530 441 3590 continere:
477 3531 535 3591 sed
570 3547 627 3590 ore
661 3532 768 3591 cordis
800 3541 832 3591 et
864 3533 1014 3608 corporis
