2138 4196
233 467 355 520 m
426 465 660 510 nelltlra'tlorte
677 465 801 508 CHRISTI
872 466 991 518 m
1051 493 1052 506 .

234 610 474 661 sacramentum
486 610 577 661 tuum
593 600 758 660 celebrant
774 610 806 660 et
816 601 911 676 plena
925 600 990 661 lide

235 698 413 775 recipiunt3
433 698 568 774 gratiam
584 708 616 758 et
631 697 888 759 misericordiam
905 698 989 774 apud

234 807 266 857 te
288 794 436 855 invenire
463 805 666 856 mereantur:
695 803 727 855 et
747 811 806 870 pro
836 812 888 854 me
915 812 990 870 pec·

234 904 342 954 catore
364 893 556 969 suppliciter
576 902 722 953 exorent.
760 890 912 968 Cumque
934 909 989 967 op·

210 1000 297 1050 stata
325 989 499 1052 devotione
530 1009 567 1050 ac
597 990 718 1050 fruibili
748 989 869 1050 unione
897 990 988 1065 potiti

234 1088 365 1164 luerint,
387 1099 418 1148 et
440 1088 524 1149 bene
542 1088 699 1149 consolati
722 1104 759 1147 ac
781 1085 919 1147 mirifice
940 1103 988 1146 re-

234 1184 308 1245 lecti
321 1185 361 1245 de
374 1202 467 1245 sacra
481 1202 595 1246 mensa
606 1185 738 1246 caelesti
754 1184 988 1246 abscesserint:

233 1283 296 1343 mei
319 1284 474 1360 pauperis
496 1283 658 1344 recordari
681 1282 864 1360 dignentur.

233 1494 359 1572 QVOD
384 1494 519 1557 HOMO
550 1493 644 1556 NON
676 1493 742 1554 SIT
767 1494 987 1557 CVRIOSVS

198 1614 223 1655 lo
265 1591 528 1655 SCRVTATOR
551 1590 850 1668 SACRAMENTI,
872 1591 954 1653 SED
1054 1685 1055 1688 Ἴ

298 1690 483 1751 HVMILIS
507 1688 722 1751 llllTaroa
745 1689 923 1752 CHRISTI

318 1787 558 1849 SVBDENDO
579 1786 756 1848 SENSVM
780 1787 902 1848 SVVM

429 1885 603 1948 SACRAE
627 1885 751 1945 FIDEI.

489 2071 558 2116 VOX
581 2067 728 2117 DILECTI.

196 2237 221 2277 15
450 2221 655 2272 CAPITVLVM
674 2220 767 2270 XVIII.

231 2299 518 2519 &nuendum
543 2357 670 2418 esttibi
695 2375 714 2417 a
735 2357 864 2417 curlosa
886 2368 918 2418 et
940 2358 988 2418 in·

366 2456 436 2516 utili
459 2455 718 2531 perscrutatione
733 2455 832 2515 huius
854 2455 988 2530 prolun-

230 2553 355 2614 dissimi
368 2553 579 2614 sacramenti:
595 2553 622 2613 si
635 2569 700 2612 non
711 2553 762 2613 vis
771 2551 806 2612 In
817 2552 988 2613 dubitatio-

229 2652 281 2712 nis
303 2651 501 2728 proiundum
524 2650 699 2726 submergi.
738 2649 803 2726 Qui
826 2659 989 2710 scrutator

193 2769 220 2810 ao
230 2760 280 2810 est
295 2747 492 2810 maiestatis:
515 2747 717 2824 opprimetur
731 2765 750 2806 a
763 2747 874 2824 gloria.
908 2746 988 2807 Plus

229 2846 314 2907 valet
326 2846 417 2906 Deus
428 2845 785 2922 operarizquamhomo
796 2844 988 2921 intellegere

229 2952 345 3019 potest.
383 2940 576 3002 Tolerabilis
598 2942 650 3018 pia
672 2951 703 3002 et
725 2941 860 3002 humilis
882 2941 988 3018 inqui·

229 3040 303 3101 sitio
326 3039 488 3101 veritatis:
518 3048 627 3114 parata
649 3055 781 3115 semper
801 3039 929 3113 doceri,
956 3048 988 3098 et

229 3155 287 3214 per
309 3153 405 3197 sanas
422 3145 550 3212 patrum
566 3137 747 3197 sententias
761 3138 898 3197 studens
921 3154 988 3198 am-

86 3321 90 3331 ,
192 3236 350 3299 zsbulare.
381 3235 482 3295 Beata
503 3233 706 3311 simplicitas,
728 3250 811 3310 quae
833 3232 988 3295 difficiles

229 3331 456 3408 quaestionum
480 3331 635 3409 relinquit
656 3331 743 3392 vias:
772 3341 804 3392 et
832 3331 928 3407 plana
950 3350 987 3392 ac

230 3429 321 3491 firma
328 3429 558 3508 pergitsemita
566 3431 789 3491 mandatorum
800 3429 872 3490 Dei.
888 3429 985 3490 Multi

228 3527 435 3588 devotionem
447 3526 672 3602 perdiderunt:
684 3528 761 3588 dum
772 3527 886 3588 altiora
896 3545 986 3588 scru-

591 3631 628 3673 ras
