2178 4186
109 454 273 508 msam
305 453 344 497 on
360 453 547 498 elevatione
562 453 675 500 neuris
707 454 869 508 mmmm

113 597 194 648 tum.
238 586 346 649 Omne
377 588 474 649 etiam
506 588 593 665 quod
625 605 684 665 ago
715 588 870 663 exterius,

112 694 169 745 aut
184 685 339 763 quicquid
361 685 499 747 interius
520 686 710 763 intellegere
725 702 871 763 possum,

113 783 155 844 da
176 783 255 844 mihi
285 782 480 859 simpliciter
507 793 541 844 et
564 800 645 861 pure
667 800 725 860 pro
748 782 870 843 maiore

112 880 258 941 nominis
286 880 332 941 tui
362 882 488 942 honore
519 889 551 942 et
575 879 871 958 beneplacentioris

113 977 291 1039 voluntatis
315 987 392 1039 tuae
412 995 524 1038 amore
547 977 723 1056 perlicere,
751 993 892 1056 meques

113 1077 222 1153 ipsum
251 1075 308 1136 tibi
338 1075 372 1135 in
401 1075 489 1136 omni
519 1093 555 1136 re
584 1076 791 1137 desiderabili
816 1084 870 1136 aut

114 1181 250 1233 naturae
273 1172 434 1233 contraria
448 1183 597 1250 prompte
620 1174 797 1252 resignare,
817 1191 870 1250 pa·

114 1268 234 1329 tienter
255 1285 386 1346 quoque
402 1270 585 1346 praesentis
600 1270 686 1331 vitae
709 1269 869 1330 sarcinam

114 1367 329 1444 quoadusque
358 1366 498 1427 iusseris
522 1378 554 1428 et
576 1385 669 1428 meae
690 1367 870 1428 vocationis

113 1463 418 1525 terminusvenerit
432 1463 590 1540 perferre,
606 1480 725 1541 corpus
740 1481 870 1542 quoque
883 1484 906 1524 ro

114 1570 148 1622 et
162 1560 303 1620 animam
319 1560 376 1620 tibi
388 1561 538 1622 Creatori
550 1578 623 1622 meo
635 1561 774 1622 fideliter
784 1578 870 1622 com·

114 1659 281 1720 mendane.
317 1658 487 1718 Memento
515 1658 579 1718 mei
610 1659 701 1719 Deus
730 1659 762 1719 in
792 1660 871 1720 hora

114 1767 282 1817 extremae
304 1755 528 1831 necessitatis,
556 1765 588 1817 et
615 1756 665 1816 iac
687 1757 871 1817 misericor-

114 1854 201 1914 diter
221 1869 295 1914 cum
318 1870 415 1915 servo
437 1864 503 1928 tuo,
524 1853 579 1931 qui
602 1870 667 1914 non
690 1853 723 1913 in
746 1854 871 1914 meritis

114 1952 217 2027 meis,
245 1952 304 2012 sed
332 1952 366 2012 in
390 1961 444 2012 tua
466 1951 677 2013 miseratione
699 1962 731 2012 et
752 1952 870 2028 pietate
882 1975 907 2015 ιε

112 2049 255 2110 conlido.

115 2267 403 2331 EXHORTATIO
424 2268 484 2330 AD
506 2268 869 2331 HVMILIATIONEM

254 2365 305 2426 ET
327 2365 738 2429 COMPVNCTIONEM.

114 2477 349 2698 ἓΠέΝεῐίῃα
374 2544 407 2595 te
429 2535 536 2596 anima
557 2553 631 2595 mea
652 2536 820 2598 humiliter
839 2547 872 2598 et

250 2640 366 2710 sponte
394 2633 454 2692 sub
478 2633 548 2693 Deo
577 2632 712 2694 incurva
740 2646 771 2695 te
799 2652 908 2711 pro-zo

116 2730 218 2792 funde
240 2731 301 2791 sub
322 2730 411 2791 omni
434 2740 582 2790 creatura
603 2741 735 2808 propter
755 2733 871 2792 Deum.

116 2829 179 2888 Fac
208 2836 240 2888 te
262 2827 433 2887 minimum
463 2827 496 2888 in
524 2828 622 2888 corde
650 2839 722 2905 tuo,
751 2846 811 2891 nec
840 2841 872 2890 te

114 2926 250 3002 dignum
268 2924 423 2985 aestimes
438 2926 604 2985 communi
620 2927 679 2986 hac
702 2927 775 2987 luce
798 2926 872 3002 frui,

5 3085 7 3094 ,
115 3021 193 3099 quia
209 3022 315 3082 Deum
332 3031 365 3082 et
385 3032 516 3082 sanctos
531 3023 674 3098 peccatis
689 3023 755 3084 tuis
770 3024 872 3085 olien-

114 3117 210 3192 disti,
241 3134 302 3178 nec
331 3118 471 3180 debitam
501 3121 718 3181 reverentiam
748 3121 796 3181 eis
818 3139 908 3185 ert-25

115 3215 262 3277 hibuisti.
298 3215 375 3277 Cito
397 3232 473 3293 ergo
495 3216 535 3276 ad
557 3218 707 3278 lacrimas
729 3235 872 3294 recurre,

116 3323 149 3374 et
172 3330 245 3374 cum
264 3329 380 3390 magna
402 3313 511 3374 cordis
533 3315 727 3375 contritione
743 3315 871 3386 veniam

116 3410 304 3488 deprecare,
323 3421 358 3470 ut
372 3411 429 3472 tibi
446 3411 702 3473 misericorditer
718 3413 809 3473 Deus
825 3413 871 3474 in·

116 3509 264 3584 dulgeat‚
295 3507 450 3585 quicquid
481 3518 593 3568 contra
623 3509 696 3568 eius
726 3508 871 3585 benigni·

476 3611 517 3654 ua
