2178 4186
78 457 244 512 ΘΗΜ
277 456 315 499 nn
331 455 518 499 memnona
533 454 646 498 uenus
678 454 839 508 {punam

81 603 177 652 terna
199 589 379 651 circumdat
407 599 440 650 et
467 589 589 666 implet.
633 585 764 664 Largire
785 588 840 648 ob-

82 706 180 750 secro
203 690 295 749 Deus
324 688 358 748 in
380 696 526 763 tempore
548 685 638 746 brevi
666 702 762 746 servo
784 695 839 744 tuo

80 787 219 863 gratiam
242 797 274 848 et
288 785 550 847 benedictionem
570 785 761 845 caelestem:
783 781 839 859 qui

82 885 226 946 necdum
258 885 376 961 dignus
412 901 484 944 sum
503 882 648 943 baurir'e
679 882 719 942 de
751 880 840 941 fonte

82 983 183 1060 pieno
198 999 302 1059 aquae
312 981 407 1042 vivae
422 981 571 1042 salientis
584 980 617 1041 in
628 979 726 1040 vitam
738 988 863 1039 aeter-5

10 1135 12 1140 ,
82 1096 171 1139 nam.
193 1079 361 1139 Visitame
378 1079 569 1155 frequenter
583 1077 839 1138 clementissime

84 1179 180 1252 lesu,
208 1187 240 1238 et
267 1176 301 1236 in
329 1191 440 1236 amore
469 1184 525 1235 tuo
547 1175 762 1235 vehementer
789 1192 840 1234 ac-

83 1275 208 1349 cende3
223 1284 257 1335 ut
268 1273 391 1334 discam
403 1273 512 1334 omnia
524 1272 680 1333 inieriora
691 1281 840 1342 etcreata

82 1372 273 1448 despicere:
305 1381 337 1431 et
364 1380 396 1432 te
419 1371 524 1431 solum
547 1381 716 1431 aeternum
739 1379 771 1430 et
792 1369 840 1429 in·

83 1480 232 1530 creatum
253 1469 374 1529 bonum
394 1486 475 1545 pure
497 1485 666 1545 quaerere,
688 1477 720 1528 et
741 1484 841 1544 super
852 1483 877 1524 ro
912 1505 914 1510 ·

83 1568 197 1629 omnia
217 1577 249 1628 te
270 1578 403 1644 propter
424 1577 455 1628 te
477 1567 638 1628 veraciter
659 1581 777 1626 amare.

111 1791 169 1850 DE
191 1790 339 1851 VERBO
363 1787 588 1852 INCREATO
610 1785 816 1848 AETERNO

155 1885 206 1947 ET
229 1885 436 1947 IMMENSO
460 1885 598 1946 SVPER
620 1883 774 1945 OMNES

244 1983 478 2046 DOCENTES
500 1982 686 2043 ΑΝΙΜΑΜ

310 2079 623 2142 ILLVMINANTE.
854 2100 878 2140 15

85 2192 316 2410 {Qhemo
334 2249 470 2325 pedibus
486 2249 564 2308 meis
584 2248 711 2308 verbum
733 2252 843 2307 tuum:

214 2351 246 2407 et
266 2349 373 2407 lumen
394 2347 516 2407 semitis
535 2346 621 2406 meis.
651 2345 680 2406 O
697 2345 840 2406 Verbum

87 2444 151 2505 Dei
180 2443 214 2504 in
243 2444 401 2519 excelsis,
429 2444 515 2521 quod
538 2443 646 2504 omnia
668 2442 842 2519 praecedit,

86 2541 199 2603 omnia
234 2542 411 2618 illuminat;
432 2541 555 2602 ¹omnia
589 2542 629 2601 ad
660 2541 841 2617 perfectum

86 2639 251 2717 perducit:
267 2650 299 2701 et
314 2639 394 2699 nibil
410 2639 628 2700 inordinatum
640 2639 673 2699 in
685 2638 879 2699 creaturisao

86 2737 253 2814 relinquit.
304 2737 454 2797 Verbum
484 2745 575 2797 tuum
612 2736 753 2797 Domine
788 2736 842 2795 lux

87 2854 162 2897 mea
184 2846 216 2897 et
236 2835 389 2913 gaudium
411 2834 539 2895 animae
553 2851 662 2910 meae3
684 2834 756 2894 sine
778 2848 842 2910 quo

86 2936 122 2995 in
145 2933 289 2994 tenebris
311 2942 432 2992 sumet
453 2931 487 2991 in
501 2948 666 2992 maerore:
688 2948 761 2991 cum
778 2948 842 3007 quo

85 3030 206 3108 gaudio
227 3030 406 3106 perfungor
426 3039 458 3090 et
480 3029 612 3089 lumine.
641 3027 741 3105 Aperi
762 3027 841 3088 mihi

88 3128 231 3189 Domine
262 3138 386 3204 portam
419 3127 573 3188 claritatis
602 3135 772 3186 aeternae:
803 3125 878 3207 adas

88 3225 324 3286 inveniendum
340 3225 484 3286 Verbum
508 3235 598 3285 tuum
621 3225 654 3285 in
670 3224 769 3284 caelo.
806 3224 842 3283 ln

87 3324 180 3384 caelo
202 3332 371 3399 permanet
392 3322 536 3383 Verbum
559 3332 667 3381 tuum:
692 3321 724 3381 in
746 3337 842 3397 gene·

87 3421 248 3482 rationem
285 3430 317 3480 et
351 3419 594 3496 generationem
626 3418 746 3479 veritas
779 3429 842 3478 tua.

88 3519 118 3580 O
142 3528 311 3579 aeternum
335 3528 366 3578 et
388 3517 586 3578 immensum
607 3517 764 3591 Verbum,
786 3533 844 3592 per

446 3621 487 3663 roa
693 3620 736 3662 zo·
