2160 4194
83 459 842 515 fflfflwffi5ffiffiffiffli

85 604 212 671 optaret
247 595 368 655 habere
403 594 431 654 si
468 593 646 670 eligeretur
679 594 719 654 ad
750 610 841 671 prae·

84 693 270 754 sidendum.
314 692 426 752 Discat
447 690 598 768 primitus
620 691 712 752 alteri
735 691 841 751 humi·

83 791 157 851 liter
178 791 330 866 subesse,
352 801 384 850 et
405 798 597 850 reverenter
613 788 784 850 oboedire:
805 798 841 849 ut

84 889 204 965 dignus
219 888 261 948 sit
275 887 358 947 alios
372 887 536 947 instruere
547 894 579 946 et
589 885 712 946 utiliter
727 902 841 962 regere

84 986 206 1062 possit:
232 1002 275 1045 ne
297 984 412 1046 maiori
435 984 581 1061 periculo
604 983 790 1060 stringatur,
811 982 863 1042 sis

84 1085 145 1145 hoc
174 1083 216 1144 ab
245 1081 318 1143 aliis
347 1081 462 1158 exigit:
491 1081 578 1158 quod
606 1079 678 1157 ipse
704 1079 840 1140 minime

83 1181 254 1258 impendit.
284 1179 458 1257 Quomodo
481 1179 569 1239 enim
587 1187 694 1254 potest
715 1178 838 1238 servari

83 1289 189 1338 status
221 1276 389 1354 religionis
420 1283 452 1337 et
483 1275 629 1353 regimen
659 1277 775 1337 domus
805 1276 839 1336 in

30 1371 33 1378 ’
84 1376 255 1452 claustris3
283 1375 347 1436 nisi
376 1392 492 1436 omnes
518 1372 638 1434 subditi
667 1371 840 1433 oboediant

84 1474 239 1549 praelatis
269 1473 367 1534 suis?
409 1472 492 1532 Nam
524 1471 552 1532 si
581 1486 697 1531 omnes
726 1485 839 1545 regere
852 1485 877 1527 io

83 1571 209 1645 volunt,
224 1580 257 1632 et
267 1569 404 1648 quilibet
413 1586 510 1646 agere
526 1567 693 1629 contendit
707 1566 793 1645 quod
809 1567 838 1628 ei

84 1667 260 1744 placuerit3
280 1667 342 1728 erit
357 1667 507 1758 conlusio
524 1684 638 1743 magna
653 1676 685 1726 et
700 1666 839 1727 turbatio

84 1766 259 1842 frequens:
287 1765 406 1841 peribit
427 1765 600 1841 disciplina
627 1776 754 1825 crescet
776 1763 840 1823 dis·

83 1863 221 1938 solutio;
249 1863 402 1924 abscedet
423 1863 521 1924 timor
543 1862 622 1923 Dei:
651 1873 683 1922 et
707 1862 839 1922 libertas

14 2033 15 2050 ἵ
82 1961 191 2022 carnis
223 1961 380 2037 regnabit.
421 1961 483 2021 Vbi
516 1960 604 2020 enim
633 1958 839 2021 oboedientia
851 1976 875 2018 ιε

83 2076 146 2119 non
170 2068 313 2134 curatur,
335 2067 367 2119 et
389 2059 552 2134 praelatus
573 2075 686 2134 parum
710 2073 839 2118 revere-

82 2167 148 2219 tur:
172 2155 217 2216 ibi
239 2156 361 2216 bonurn
385 2155 531 2232 regimen
554 2155 749 2216 annullatur.

82 2353 126 2412 De
146 2350 296 2413 custodio
315 2350 419 2411 cordis
440 2356 472 2411 et
488 2350 590 2410 reditu
611 2351 654 2410 od
676 2350 837 2410 interiora.

333 2507 538 2559 CAPITVLVM
557 2508 589 2558 V.

80 2581 330 2812 Quamvis
345 2646 386 2705 de
404 2644 489 2704 facili
509 2646 606 2705 bomo
622 2644 661 2704 ad
677 2644 875 2706 exterioraao

223 2742 266 2802 sit
293 2743 487 2818 inclinatae,
521 2753 553 2804 et
583 2743 723 2803 libenter
753 2743 837 2818 capit

81 2841 224 2918 aliquam
261 2840 517 2900 consolationem
554 2857 572 2898 a
602 2840 762 2900 creaturis
797 2856 837 2899 ex

81 2937 227 3014 appetitu
256 2937 495 3013 sensualitatis;
523 2947 632 2997 tamen
661 2937 719 2998 niti
742 2937 837 2997 debet

82 3036 189 3096 redire
204 3036 244 3095 ad
266 3052 303 3095 se
325 3035 432 3111 ipsum
448 3053 508 3112 per
521 3035 750 3096 contritionem
773 3035 837 3111 spi·

81 3133 180 3194 ritus:
203 3149 245 3193 ne
267 3133 379 3208 perdat
401 3133 557 3193 maiorem
579 3133 714 3209 gratiam
739 3132 873 3194 intusas

14 3241 15 3250 ¹
82 3229 165 3290 Nam
190 3229 332 3290 eflicitur
353 3247 455 3306 vagus
477 3239 510 3290 et
538 3230 700 3291 lubricus:
729 3229 756 3289 si
787 3247 837 3290 se·

80 3328 193 3404 quitur
214 3327 406 3389 allectiones
428 3345 505 3388 suas
527 3327 716 3388 incuriosis
738 3328 836 3388 rebus

14 3435 15 3438 ’
79 3425 233 3486 videndis
255 3436 287 3485 et
309 3425 478 3485 habendis.
513 3424 613 3500 igitur
634 3440 766 3499 semper
787 3434 837 3484 sta

14 3555 15 3570 t
80 3540 181 3600 super
212 3523 393 3583 custodiam
425 3523 534 3583 cordis
564 3522 628 3582 tui:
659 3531 690 3581 et
718 3521 758 3581 ad
788 3522 836 3581 in-

439 3625 480 3668 287
