2146 4194
206 401 327 454 (iffi
398 399 632 443 DEIMITATIONE
647 399 771 443 CHRISTI
843 400 970 453 &RQ

208 535 317 595 omnia
339 535 498 595 excedere
519 534 632 610 debet3
654 543 686 594 et
707 534 780 611 plus
796 551 873 594 cum
890 551 969 594 con·

208 632 306 693 solari
338 631 506 709 magisque
541 633 687 709 placere:
723 639 819 709 quam
856 631 970 692 omnia

207 731 367 791 beneficia
388 730 449 790 sibi
472 731 545 791 data
565 731 617 790 vel
640 731 753 791 danda

238 970 294 1031 DE
317 968 529 1048 QVATVOR
552 968 756 1032 MAGNAM
780 967 939 1030 IMPOR·

185 1097 200 1139 s
382 1075 600 1138 TANTIBVS
624 1075 789 1139 PACEM.

429 1258 635 1308 CAPITVLVM
652 1259 744 1308 xxm.

209 1355 373 1571 ffini,
402 1430 489 1474 nunc
513 1413 637 1473 docebo
659 1422 691 1473 te
713 1411 797 1472 viam
821 1411 911 1487 pacis
934 1423 968 1474 et

338 1527 435 1570 verae
451 1510 619 1571 libertatis.
647 1511 709 1569 Fac
720 1509 862 1570 Domine
878 1510 966 1586 quod

210 1607 308 1668 dicis:
337 1607 495 1685 quiahoc
518 1607 598 1668 mihi
622 1617 747 1684 gratum
770 1617 820 1668 est
842 1607 966 1667 audire.

176 1721 200 1762 ro
210 1705 311 1766 Stude
323 1705 367 1765 iili
378 1706 512 1766 alterius
523 1705 631 1782 potius
646 1706 753 1765 facere
764 1706 965 1765 voluntatem

209 1819 305 1879 quam
327 1813 425 1864 tuam.
469 1802 559 1880 Elige
581 1820 713 1879 semper
734 1803 843 1863 minus
867 1819 964 1880 quam

208 1900 282 1976 plus
304 1900 434 1960 habere.
471 1900 603 1979 Quaere
621 1918 752 1978 semper
774 1900 964 1960 inferiorem

209 1998 333 2058 locum:
349 2007 381 2058 et
396 1997 548 2058 omnibus
563 1998 711 2057 subesse.
738 1995 824 2072 Opta
834 2012 968 2072 semper

209 2105 240 2156 et
270 2113 343 2156 ora:
374 2105 408 2156 ut
439 2095 589 2155 voluntas
619 2095 680 2156 Dei
712 2094 837 2170 integre
868 2093 901 2152 in
932 2102 966 2152 te

175 2192 271 2253 rsfiat.
323 2192 406 2252 Ecce
435 2193 509 2254 talis
540 2193 638 2253 homo
670 2191 851 2269 ingreditur
881 2190 966 2251 fines

208 2289 297 2366 pacis
329 2299 361 2350 et
392 2291 521 2368 quietis.
576 2291 717 2352 Domine
747 2306 856 2350 sermo
887 2299 966 2349 tuus

207 2388 270 2448 iste
292 2388 418 2448 brevis:
447 2388 585 2448 multum
609 2387 641 2447 in
666 2404 704 2447 se
725 2387 871 2447 continet
892 2403 966 2462 per·

209 2485 370 2546 fectionis.
413 2486 539 2546 Parvus
561 2494 611 2545 est
633 2485 738 2545 dictu:
767 2484 825 2544 sed
845 2484 966 2560 plenus

208 2601 309 2643 sensu
332 2593 364 2644 et
386 2583 467 2643 uber
489 2583 522 2642 in
546 2583 663 2643 fructu.
695 2583 778 2642 Nam
801 2582 829 2641 si
852 2592 966 2662 posset

171 2697 227 2741 poa
248 2698 300 2741 me
316 2680 455 2742 fideliter
468 2679 641 2740 custodiri:
664 2696 729 2740 non
745 2680 879 2740 deberet
899 2689 965 2740 tam

209 2779 314 2840 facilis
329 2779 362 2839 in
378 2796 430 2838 me
445 2778 584 2839 turbatio
600 2777 688 2838 oriri.
713 2778 797 2838 Nam
812 2777 966 2854 quotiens

208 2894 260 2937 me
276 2877 470 2954 impacatum
486 2876 592 2936 sentio
608 2886 640 2936 et
652 2885 834 2953 gravatum:
849 2876 888 2935 ab
904 2877 966 2936 hac
1064 2869 1065 2872 ’

208 2974 355 3035 doctrina
376 2992 429 3034 me
451 2975 633 3036 recessisse
657 2973 800 3034 invenio.
843 2971 908 3034 Sed
930 2983 965 3034 tu

209 3072 263 3150 qui
295 3073 404 3133 omnia
434 3082 528 3149 potes
562 3082 593 3133 et
623 3072 751 3132 animae
781 3070 966 3148 proiectum

171 3187 340 3245 assemper
354 3170 478 3247 diligis3
500 3171 622 3247 adauge
642 3170 798 3230 maiorem
813 3168 967 3244 gratiam:

209 3275 243 3326 ut
264 3267 387 3343 possim
409 3276 500 3327 tuum
523 3267 688 3345 complere
710 3283 910 3343 sermonem,
935 3279 968 3329 et
1064 3343 1065 3350 ἵ

208 3381 313 3424 meam
336 3364 494 3441 perficere
515 3366 664 3426 salutem.

567 3567 606 3610 1⁸8
