2138 4196
213 431 334 484 &m
405 431 444 473 DE
460 428 639 473 lMlTATIONE
653 429 778 474 CHRISTI
849 431 969 483 mit>
1053 459 1054 478 r

214 577 249 625 tu
271 565 389 625 unicus
411 565 550 624 dilectus
572 565 655 639 eiuS,
676 582 776 641 super
794 565 903 625 omnia
916 565 970 625 de·
1053 569 1054 588 ²

215 663 335 723 sideria
356 662 464 723 cordis
485 661 557 722 eius
572 662 807 722 desiderabilis,
837 663 875 722 Et
890 662 969 722 mihi

215 760 346 836 quidem
368 760 464 820 dulce
487 758 570 819 loret
594 758 627 817 in
649 760 834 834 praesentia
855 769 910 819 tua
931 775 970 820 ex
1053 779 1054 788 ¹

215 857 329 918 intimo
351 857 470 917 affectu
492 856 643 916 lacrimas
665 856 820 917 lundere:
841 867 874 917 et
896 874 969 917 cum

189 955 267 1031 spia
295 954 488 1031 magdalena
518 953 619 1029 pedes
650 963 724 1014 tuos
755 954 899 1014 lacrimis
929 954 971 1014 ir-

214 1053 328 1129 rigare.
376 1051 440 1112 Sed
470 1052 524 1111 ubi
554 1063 604 1112 est
632 1055 713 1114 haec
740 1054 887 1130 devotio;
916 1055 970 1114 ubi

214 1152 420 1211 lacrimarum
450 1161 634 1210 sanctarum
665 1152 797 1227 copiosa
825 1150 971 1211 effusio?

215 1248 316 1310 Certe
347 1248 380 1307 in
409 1257 587 1323 conspectu
618 1258 691 1323 tuo,
721 1259 754 1308 et
784 1259 971 1309 sanctorum
1053 1251 1054 1260 ’

214 1347 403 1423 angelorum
426 1356 555 1406 tuorum
578 1355 680 1406 totum
711 1362 767 1405 cor
791 1361 901 1404 meum
923 1363 972 1404 ar·

180 1443 292 1506 rodere
315 1443 463 1503 deberet:
486 1453 518 1502 et
539 1459 580 1502 ex
600 1442 718 1519 gaudio
738 1443 827 1503 llere.
857 1442 972 1502 Habeo

214 1543 301 1602 enim
324 1552 356 1602 te
378 1541 411 1601 in
433 1550 637 1600 sacramento
653 1557 731 1601 vere
747 1549 972 1616 praesentem:
1053 1547 1054 1560 ³

214 1639 364 1716 quamvis
387 1639 493 1699 aliena
514 1637 625 1715 specie
648 1639 855 1699 occultatum.
888 1636 972 1696 Nam

214 1738 247 1797 in
259 1738 388 1815 propria
399 1748 431 1798 et
442 1737 552 1797 divina
563 1736 708 1796 claritate
723 1746 755 1796 te
770 1733 974 1810 conspicere,
1053 1751 1054 1812 ς

214 1835 299 1896 oculi
323 1835 386 1894 mei
412 1835 498 1895 lerre
521 1852 586 1894 non
609 1843 761 1911 possent:
785 1832 843 1892 sed
866 1847 975 1908 neque

180 1944 300 1994 rstotus
313 1932 454 1992 mundus
470 1933 503 1991 in
516 1932 641 2008 fulgore
656 1930 778 2007 gloriae
794 1929 975 1989 maiestatis

214 2042 288 2091 tuae
304 2030 507 2090 subsisteret.
536 2030 572 2089 In
588 2031 650 2089 boc
666 2045 743 2105 ergo
759 2026 973 2088 imbecillitati
1053 2027 1054 2106 J

214 2145 306 2188 meae
328 2128 491 2188 consulis:
520 2127 606 2203 quod
628 2137 660 2187 te
682 2126 743 2185 sub
767 2135 973 2185 sacramento
1053 2131 1054 2144 ¹

213 2223 397 2284 abscondis.
441 2224 555 2284 Habeo
585 2239 662 2282 vere
692 2232 724 2282 et
752 2224 850 2282 adoro
873 2239 972 2299 quem

214 2322 319 2399 angeli
349 2321 483 2382 adorant
505 2322 538 2382 in
561 2323 668 2397 caelo:
697 2319 755 2380 sed
777 2337 837 2396 ego
866 2320 974 2380 adhuc

177 2420 343 2481 cointerim
366 2419 400 2479 in
423 2419 502 2480 lide:
532 2419 578 2478 illi
609 2429 716 2479 autem
744 2417 778 2476 in
800 2417 913 2494 specie
943 2429 975 2478 et

214 2520 286 2580 sine
314 2518 486 2579 velamine.
537 2519 593 2577 Nle
625 2526 751 2593 oportet
782 2524 973 2576 contentum
1053 2555 1054 2578 1

214 2634 289 2676 esse
311 2616 345 2676 in
367 2615 491 2675 lumine
509 2631 606 2674 verae
629 2614 714 2689 fidei,
737 2623 769 2672 et
791 2613 824 2671 in
847 2630 886 2672 ea
908 2631 974 2672 am·
1053 2653 1054 2656 κ

213 2715 326 2774 bulare
348 2713 452 2773 donec
474 2712 595 2787 aspiret
617 2711 688 2771 dies
706 2719 858 2770 aeternae
881 2711 974 2770 clari-

214 2811 304 2872 tatis:
334 2820 366 2871 et
395 2810 528 2870 umbrae
559 2809 733 2886 figurarum
764 2807 974 2869 inclinentur.

178 2909 301 2971 25Cum
324 2917 431 2967 autem
454 2907 581 2966 venerit
603 2905 689 2982 quod
707 2905 890 2981 perlectum
914 2918 974 2982 est,
1053 2889 1054 2902 ¹

215 3005 355 3066 cessabit
377 3021 458 3064 usus
478 3013 775 3078 sacramentorum3
797 3003 873 3079 quia
888 3005 974 3065 beati

214 3103 247 3163 in
269 3102 372 3179 gloria
394 3100 538 3175 caelesti,
560 3117 626 3159 non
645 3110 741 3175 egent
755 3101 974 3163 medicamine

214 3198 457 3260 sacramentali:
482 3198 623 3275 gaudent
646 3198 733 3258 enim
756 3199 828 3259 sine
852 3198 918 3259 fine
941 3200 973 3259 in

214 3297 397 3373 praesentia
420 3296 500 3371 Dei,
529 3296 612 3356 facie
634 3296 674 3355 ad
697 3296 813 3356 faciem
835 3296 972 3372 gloriam

178 3395 286 3457 socius
308 3394 534 3471 speculantes3
556 3403 588 3453 et
610 3392 650 3452 de
667 3393 812 3454 claritate
830 3393 864 3452 in
881 3395 974 3455 clari·

213 3502 311 3555 tatem
352 3491 512 3571 abyssalis
554 3490 692 3551 Deitatis
732 3489 972 3553 transformati:

574 3595 612 3636 rao
