2138 4196
97 463 379 516 mmm
447 463 507 506 1113
575 465 854 519 solid-Vm&

98 597 255 658 curritur:
283 615 342 675 pro
370 606 502 657 aeterna
530 596 596 658 vita
623 615 641 656 a
663 597 774 659 multis
800 598 853 658 vix

99 712 156 770 pes
177 697 281 756 semel
304 713 322 754 a
343 705 429 754 terra
451 695 585 756 levatur.
619 696 692 756 Vile
715 696 853 772 pretium

99 793 275 868 quaeritur,
290 810 347 869 pro
363 810 428 853 uno
444 792 675 854 nummismate
691 794 853 855 interdum

99 889 236 965 turpiter
256 891 414 967 litigatur;
445 907 504 966 pro
532 908 615 950 vana
643 909 678 952 re
703 901 735 951 et
757 909 855 968 parva

99 986 317 1062 promissione
348 988 400 1048 die
433 998 597 1065 noctuque
634 989 757 1066 fatigari
789 1005 878 1050 nons

99 1086 246 1146 timetur:
268 1086 325 1146 sed
349 1103 406 1162 pro
427 1086 531 1162 pudor
552 1103 610 1163 pro
625 1087 711 1147 bono
733 1087 855 1147 incom-

99 1183 243 1242 mutabili
267 1200 324 1259 pro
349 1183 494 1259 praemio
523 1183 768 1260 inaestimabili,
797 1203 854 1262 pro

98 1297 226 1340 summo
249 1282 374 1341 honore
394 1292 426 1343 et
440 1281 542 1358 gloria
557 1282 787 1343 interminabili
803 1284 854 1342 vel

97 1377 136 1436 ad
159 1377 323 1438 modicum
341 1379 465 1456 fatigari
482 1379 659 1456 pigritatur.
690 1380 855 1440 Erubesce

98 1491 174 1551 ergo
197 1492 294 1536 serve
316 1476 407 1553 piger
429 1487 460 1536 et
483 1478 675 1554 querulose;
700 1477 786 1554 quod
808 1477 892 1536 illim

1 1581 2 1588 ’
97 1573 277 1647 paratiores
308 1574 520 1635 inveniuntur
550 1575 589 1634 ad
623 1574 854 1651 perditionem:

97 1687 194 1746 quam
217 1680 252 1730 tu
275 1671 313 1730 ad
335 1671 444 1732 vitam.
474 1671 628 1733 Gaudent
649 1672 695 1732 illi
716 1673 855 1748 amplius

96 1768 136 1828 ad
147 1768 447 1846 vanitatemzquam
459 1779 493 1830 tu
504 1770 543 1829 ad
555 1769 734 1830 veritatem.
760 1770 855 1847 Equi-

96 1867 170 1927 dem
195 1885 213 1926 a
233 1883 292 1942 spe
307 1885 366 1926 sua
381 1885 625 1945 nonnumquam
643 1868 856 1946 frustrantur3

95 1955 155 2024 sed
178 1964 353 2041 promissio
377 1982 449 2025 mea
473 1965 638 2026 neminem
669 1967 765 2027 fallit:
795 1984 892 2027 necis

95 2061 316 2123 confidentem
339 2062 418 2122 milri
442 2063 573 2123 dimittit
587 2063 727 2124 inanem.
757 2063 855 2141 Quod

95 2159 233 2236 promisi
245 2160 344 2236 dub03
360 2161 445 2238 quod
456 2161 521 2221 dixi
533 2162 691 2238 implebo:
707 2163 734 2222 si
746 2172 854 2223 tamen

95 2258 260 2335 usquein
283 2258 380 2319 finem
404 2258 509 2320 fidelis
532 2260 566 2319 in
586 2259 760 2320 dilectione
783 2277 855 2321 mea

94 2356 171 2433 quis
195 2356 419 2432 permanserit.
450 2356 515 2433 Ego
534 2368 760 2418 remunerator
781 2376 853 2418 sum

94 2454 244 2514 omnium
261 2454 437 2515 bonorum:
461 2465 492 2514 et
515 2455 607 2516 fortis
622 2457 774 2532 probator
789 2472 892 2516 om-ao

93 2552 855 2614 niumdevotorum.Scribeverbameaincorde

93 2660 152 2710 tuo
182 2659 214 2710 et
241 2660 400 2726 pertracta
427 2650 615 2727 diligenter:
644 2661 739 2712 erunt
767 2652 854 2712 enim

93 2749 130 2809 in
149 2758 299 2824 tempore
314 2748 535 2824 temptationis
551 2749 644 2809 valde
659 2749 854 2809 necessaria.

94 2845 196 2922 Quod
212 2862 278 2904 non
294 2844 457 2921 intellegis
473 2861 547 2904 cum
564 2846 659 2922 legis:
675 2863 855 2923 cognosces

93 2943 130 3001 in
143 2942 197 3002 die
208 2941 413 3003 visitationis.
440 2942 621 3019 Dupliciter
631 2946 721 3004 soleo
733 2945 855 3005 electos
864 2961 891 3002 25

93 3056 191 3099 meos
201 3038 351 3100 visitare:
367 3040 577 3116 temptatione
593 3041 718 3103 scilicet
734 3051 765 3102 et
780 3059 855 3102 con-

93 3137 268 3212 solatione.
312 3137 350 3198 Et
376 3138 457 3197 duas
486 3138 644 3198 lectiones
667 3139 715 3199 eis
737 3140 855 3200 cotidie

93 3235 854 3313 leg03unamincrepandoeorumvitia:alteram

92 3334 299 3395 exhortando
315 3334 354 3393 ad
372 3334 527 3395 virtutum
545 3335 755 3397 incrementa.
789 3335 854 3413 Qui

92 3432 196 3492 habet
224 3433 323 3492 verba
338 3448 410 3491 mea
426 3441 457 3492 et
472 3432 596 3508 spernit
612 3449 665 3493 ea:
687 3433 784 3492 habet
799 3430 854 3507 qui
864 3452 892 3493 30

91 3529 220 3590 iudicet
241 3546 316 3589 eum
339 3528 372 3588 in
395 3528 575 3589 novissimo
598 3529 660 3590 die.

462 3633 499 3676 nr
707 3633 748 3675 ro·
