2138 4196
84 465 846 519 mmmmm&

84 609 212 660 amator
227 599 354 662 Christi
377 609 409 659 et
431 598 598 659 studiosus
620 608 762 658 sectator
782 598 846 658 vir·

85 707 210 773 tutum,
241 714 308 757 non
340 696 425 757 cadit
454 713 555 772 super
587 697 846 772 consolationes3

85 813 146 856 nec
169 795 299 872 quaerit
329 796 410 856 tales
439 795 615 855 sensibiles
637 794 846 854 dulcedines:

85 894 143 954 sed
175 893 283 970 magis
314 892 415 952 lortcs
446 892 696 952 exercitationes
728 900 759 951 et
787 909 846 967 pro

86 992 226 1054 Christo
249 991 349 1051 duros
373 990 538 1050 sustinere
560 991 699 1050 labores.
855 1006 869 1047 s

125 1090 216 1152 Cum
240 1089 339 1166 igitur
353 1087 533 1164 spiritualis
547 1105 565 1148 a
581 1089 651 1148 Deo
667 1087 846 1148 consolatio

85 1185 191 1260 datur,
207 1202 283 1245 cum
298 1185 472 1261 gratiarum
488 1186 616 1246 actione
631 1186 742 1262 accipe
758 1202 847 1260 eam3

86 1284 144 1344 sed
161 1284 225 1344 Dei
241 1301 363 1345 munus
385 1285 537 1362 intellege
553 1301 647 1344 esse:
669 1301 734 1343 non
754 1292 846 1343 tuum

86 1382 253 1442 meritum.
284 1382 359 1443 Noli
380 1382 502 1458 extolli,
523 1381 590 1441 noli
612 1381 750 1441 nimium
771 1397 848 1457 gau·

86 1481 166 1540 dere
189 1498 252 1541 nec
275 1481 416 1541 inaniter
440 1496 667 1557 praesumere3
696 1479 754 1538 sed
777 1488 847 1538 esto
859 1496 884 1538 to

86 1579 192 1656 magis
215 1579 372 1639 humilior
393 1596 433 1639 ex
455 1578 552 1652 dono,
573 1576 699 1636 cautior
717 1591 848 1652 quoque

87 1687 119 1738 et
155 1676 340 1737 timoratior
374 1676 409 1736 in
444 1675 573 1735 cunctis
608 1675 734 1735 actibus
766 1673 847 1734 tuis:

86 1775 244 1850 quoniam
266 1774 417 1835 transibit
445 1775 525 1834 hora
548 1773 604 1833 illa
631 1782 664 1833 et
692 1781 850 1849 sequetur

86 1873 270 1949 temptatio.
313 1872 399 1934 Cum
422 1873 526 1932 ablata
549 1871 647 1932 fuerit
668 1870 848 1930 consolatio

86 1987 155 2031 non
178 1970 288 2031 statim
307 1971 480 2047 desperes3
502 1970 560 2029 sed
576 1986 649 2029 cum
667 1967 885 2028 humilitaters

87 2079 119 2129 et
140 2067 301 2146 patientia
329 2077 465 2145 expecta
493 2068 668 2127 caelestem
693 2064 848 2126 visitatio·

87 2184 183 2227 nem:
199 2166 354 2243 quoniam
366 2174 483 2241 potens
494 2173 545 2224 est
556 2165 646 2224 Deus
657 2163 848 2239 ampliorem

86 2265 145 2326 tibi
170 2266 331 2326 redonare
360 2262 628 2323 consolationem.
671 2261 760 2321 Istud
783 2277 848 2320 non

88 2374 139 2424 est
169 2379 293 2423 novum
325 2378 387 2421 nec
416 2359 559 2421 alienum
588 2360 674 2419 viam
704 2358 765 2418 Dei
795 2375 848 2418 ex·

87 2461 209 2536 pertis:
232 2460 309 2536 quia
330 2459 364 2519 in
387 2458 513 2535 magnis
535 2458 658 2518 sanctis
673 2467 705 2517 et
720 2457 753 2517 in
768 2457 885 2517 anti-zo

89 2559 165 2634 quis
174 2557 356 2634 prophetis,
367 2556 427 2617 fuit
437 2555 849 2632 saepetalisalternationis

89 2657 219 2717 modus.
240 2656 335 2717 Vnde
346 2657 478 2733 quidam
489 2663 663 2731 praesente
674 2653 738 2713 iam
748 2653 851 2729 gratia

90 2755 229 2815 dicebat.
279 2754 346 2830 Ego
377 2753 442 2813 dixi
472 2753 506 2812 in
537 2750 733 2812 abundantia
761 2766 849 2810 mea:

90 2869 156 2912 non
172 2852 332 2913 movebor
346 2851 379 2911 in
395 2860 574 2911 aeternum.
604 2848 749 2909 Absente
770 2865 849 2908 vero

89 2951 193 3028 gratia
222 2949 300 3026 quid
332 2948 365 3008 in
397 2965 434 3009 se
466 2948 564 3008 fuerit
595 2956 766 3023 expertus:
796 2948 885 3007 ad·2s

91 3048 196 3125 iungit
226 3047 350 3107 dicens.
393 3045 551 3106 Avertisti
581 3044 697 3105 faciem
722 3055 809 3104 tuam
833 3062 851 3104 a

92 3164 161 3207 me:
191 3154 224 3205 et
255 3144 361 3205 lactus
389 3161 462 3204 sum
492 3144 713 3204 conturbatus.
763 3141 851 3203 Inter

92 3246 173 3304 haec
204 3253 315 3303 tamen
350 3257 556 3318 nequaquam
588 3241 755 3316 desperat:
791 3241 849 3301 sed

92 3341 269 3402 instantius
291 3339 469 3401 Dominum
499 3348 590 3415 rogat
616 3347 649 3397 et
670 3337 757 3399 dicit.
800 3337 849 3398 Ad

93 3447 125 3498 te
146 3437 290 3498 Domine
313 3435 474 3496 clamabo:
497 3445 529 3494 et
550 3435 589 3515 ad
611 3436 716 3495 Deum
740 3451 886 3495 meumst

94 3534 303 3611 deprecabor.
332 3533 484 3609 Denique
498 3532 655 3592 orationis
670 3550 749 3593 suae
765 3532 850 3593 fruc-

460 3637 487 3679 7⁵
