2178 4186
223 423 385 476 <mm
418 421 457 464 oa
473 421 660 464 mammona
674 421 787 464 manns
819 423 984 475 mam

225 555 340 616 rivulis
363 566 395 616 et
417 555 578 632 fontibus,
602 555 727 632 campis
747 556 848 632 pratis
868 566 903 616 et
923 573 984 616 ne·

225 655 388 730 moribus,
414 654 568 714 omnibus
589 655 757 715 ornatibus
779 664 811 714 ct
832 654 982 730 pulchris

224 750 392 825 aedificiis,
416 751 579 826 psalteriis
601 752 736 812 citharis
757 751 887 828 organis
909 768 982 812 mu·

225 848 304 909 sicis
328 849 509 925 cantilenis,
532 849 667 911 floribus
688 849 854 925 odoribus,
874 849 980 909 omni·

202 945 287 1004 sbus
307 944 563 1007 iucunditatibus
581 947 793 1008 societatibus
807 947 982 1022 conviviis,

225 1043 497 1104 collocutionibus
525 1045 784 1121 visitationibus,
814 1044 980 1105 salutatio·
1075 1101 1076 1112 ,

225 1140 321 1200 nibus
345 1140 510 1202 favoribus
525 1143 705 1203 honoribus
727 1151 759 1203 et
773 1143 901 1203 deliciis
922 1144 981 1202 bo·

225 1237 361 1314 minum,
371 1239 782 1301 omnibusscurrilitatibus
793 1240 981 1301 rumoribus

225 1335 312 1395 ludis
333 1335 415 1396 iocis
437 1337 567 1413 risibus
589 1337 833 1415 evagationibus
855 1337 981 1397 discur-

192 1452 217 1492 ro
226 1433 317 1494 sibus
339 1435 532 1496 tumultibus
553 1446 586 1496 et
607 1435 777 1496 inutilibus
796 1434 981 1510 occupatio-

226 1530 982 1609 nibusomnibusdivitiisrebusproprietatibus

226 1628 315 1688 curis
330 1629 548 1706 dignitatibus
570 1631 701 1692 solaciis
721 1629 981 1692 recreationibus

227 1726 387 1803 externis,
419 1738 452 1789 et
479 1729 741 1806 quibuscumque
768 1737 876 1805 potest
904 1745 980 1788 caro

226 1825 374 1900 temptari
397 1826 482 1886 allici
505 1836 538 1887 et
551 1827 704 1887 delectari
720 1836 753 1888 et
769 1825 904 1902 spiritus
919 1826 982 1885 im-

193 1921 329 1998 rspediri
352 1932 384 1982 et
405 1922 578 1999 inquinari.
612 1922 659 1983 Te
673 1940 752 1983 vcro
774 1922 872 1983 hodie
894 1922 981 1998 eligo

226 2019 306 2079 mihi
337 2019 371 2078 in
403 2021 509 2081 Deum
540 2029 757 2097 protectorem
787 2036 915 2095 meum,
945 2020 981 2080 in

226 2116 475 2193 gubernatorem
498 2117 583 2179 vitae
602 2135 704 2194 meae,
726 2117 760 2178 in
775 2117 980 2194 provisorem

227 2215 372 2277 omnium
395 2216 627 2278 necessitatum
649 2232 812 2290 mearum,
840 2215 875 2274 in
904 2232 981 2275 con-

227 2313 401 2375 solatorem
423 2314 569 2375 omnium
592 2314 741 2375 dolorum
765 2322 797 2375 et
818 2313 981 2389 angustia-

191 2428 298 2472 aorum
321 2428 358 2471 ac
387 2411 634 2488 temptationum
657 2411 870 2487 omniumque
894 2411 982 2471 labo·

228 2525 299 2568 rum
313 2525 471 2585 meorum,
486 2508 605 2585 quibus
620 2509 767 2569 laborare
778 2525 831 2569 me
841 2525 982 2570 necesse

228 2616 278 2667 est
292 2622 430 2668 numero
445 2607 571 2668 dierum
587 2608 673 2668 vitae
687 2625 781 2669 meae
796 2624 854 2684 pro
869 2625 982 2668 amore

228 2713 283 2766 tuo
299 2714 331 2765 et
349 2704 476 2765 animae
492 2722 583 2765 meae
605 2706 719 2767 salute.
747 2705 796 2766 Tu
818 2705 982 2782 refugium

229 2819 337 2862 meum
360 2810 393 2862 tu
416 2803 533 2864 domus
553 2821 635 2879 mea,
656 2813 691 2864 tu
713 2804 827 2864 civitas
842 2820 925 2878 mea,
946 2812 983 2863 tu

192 2899 381 2962 ashabitatio
405 2917 493 2977 mea,
519 2911 553 2962 tu
575 2901 668 2962 cibus
690 2917 801 2977 meus,
829 2908 863 2961 tu
886 2908 984 2976 potus

229 3015 340 3075 meus,
369 3007 403 3060 tu
426 2999 558 3076 requies
581 3007 613 3059 et
634 2998 787 3075 reiectio,
814 3007 849 3059 tu
871 2997 984 3058 socius
1075 2999 1076 3008 ’

229 3097 377 3173 dilectus,
399 3107 433 3157 tu
455 3095 589 3158 intimus
611 3097 746 3172 amicus,
769 3105 803 3156 tu
826 3105 984 3172 cognatus
1075 3079 1076 3090 ¹

230 3203 262 3256 et
283 3194 461 3272 proximus,
482 3203 516 3254 tu
540 3194 638 3255 irater
660 3203 691 3254 et
713 3211 816 3270 soror,
837 3203 872 3255 tu
892 3204 985 3270 pater

230 3302 262 3353 et
283 3302 455 3368 patronus,
484 3302 518 3353 tu
547 3301 657 3367 pastor
685 3301 717 3352 et
743 3301 854 3352 custos
883 3291 984 3352 totius

194 3391 316 3454 aovitae
331 3406 434 3465 meae,
449 3390 500 3450 cui
518 3407 570 3451 me
585 3399 618 3452 et
632 3389 741 3451 omnia
756 3406 829 3450 mea
844 3388 986 3450 fideliter

231 3488 441 3564 commendo,
462 3488 538 3564 quia
559 3505 625 3548 non
647 3498 698 3549 est
719 3488 808 3547 salus
829 3494 922 3546 extra
942 3496 985 3562 te,

588 3591 628 3634 no
