2178 4186
303 401 341 444 DE
357 399 595 445 RECOGNITIONE
611 401 760 445 Phornlne
777 401 988 446 FRAGILITIITIS

265 535 374 596 lunde.
406 534 440 597 Si
457 534 582 596 aridum
606 535 773 596 inveneris
796 545 967 597 cortuum
992 547 1026 598 et

264 633 528 709 obtenebratum3
559 651 601 693 ne
630 650 743 695 cesses
771 633 810 694 ad
840 635 1024 695 Dominum

263 732 403 790 clamare
417 747 475 807 pro
491 731 615 791 lumine
630 732 751 808 gratiae
766 743 798 793 et
809 733 881 793 oleo
893 733 1025 794 miseri·

263 827 409 889 cordiae:
439 845 482 888 ne
513 828 646 890 deficias
677 829 710 889 in
742 829 794 889 via
825 840 913 890 recta
942 849 1024 908 prae

239 926 382 986 elabere.
425 925 521 986 Dabit
543 926 631 986 enim
655 927 752 988 Pater
772 928 926 989 caelestis
955 929 1023 1005 spi-

262 1024 359 1085 ritum
382 1025 503 1084 bonum
526 1024 653 1084 animae
674 1026 843 1102 quaerenti
866 1042 913 1086 se.

324 1219 380 1280 DE
403 1220 562 1281 HVMILI
586 1220 882 1282 SVBIEC'IIONE
905 1219 958 1280 ET

362 1317 556 1379 PROPRIA
578 1317 919 1404 RESIGNATIONE.

503 1476 709 1528 CAPITVLVM
727 1475 773 1525 VI.

227 1554 381 1776 roffil
409 1612 460 1672 vis
488 1631 507 1672 a
535 1613 619 1674 malo
649 1611 778 1673 liberari
809 1623 841 1673 et
869 1611 902 1673 in
930 1612 1019 1673 bono

389 1710 581 1771 confortari:
604 1709 740 1770 humilia
757 1720 790 1770 te
804 1711 865 1770 sub
882 1711 963 1786 Deo,
986 1722 1020 1772 et

164 1825 166 1829 ’
262 1817 393 1884 propter
408 1809 515 1868 Deum
538 1808 599 1867 sub
614 1807 702 1868 omni
721 1818 878 1869 creatura.
907 1807 1021 1869 Testa-

261 1917 314 1967 tur
334 1909 396 1967 hoc
419 1915 553 1967 sanctus
575 1905 680 1965 David
701 1905 756 1982 qui
782 1905 869 1966 dicit.
901 1905 1018 1966 Humi-

261 2004 357 2064 liatus
387 2021 478 2079 sum,
510 2013 541 2064 et
573 2003 720 2064 liberavit
749 2019 812 2064 me.
862 2003 936 2064 Non
966 2014 1017 2064 est

226 2101 381 2162 rsbonum
413 2101 572 2161 rebellare
604 2100 691 2160 Deo:
726 2109 759 2161 et
792 2100 1016 2162 contradicere

261 2199 468 2258 sermonibus
482 2198 597 2260 saneti.
627 2197 751 2259 Idcirco
767 2198 887 2260 Inclina
901 2215 1013 2259 aurem

260 2305 347 2355 tuam
363 2296 557 2357 ordinationi
573 2296 703 2356 divinae
718 2295 899 2356 humiliter:
915 2295 1013 2356 maio-

260 2391 350 2452 ribus
372 2403 404 2453 et
419 2394 600 2454 minoribus
622 2393 800 2454 subiectus.
837 2393 1012 2454 Humilitas
1060 2427 1061 2448 2

259 2506 372 2566 pacem
408 2491 490 2567 parit
526 2502 557 2552 et
593 2491 818 2552 concordiam:
857 2501 888 2552 et
922 2491 1012 2551 novit
1060 2477 1061 2484 '

221 2602 249 2643 ao
259 2604 356 2647 omne
371 2604 455 2648 onus
470 2599 608 2665 portare.
632 2589 670 2650 Et
680 2587 804 2649 homini
817 2588 1012 2650 utillorcon-

258 2696 401 2762 temptus
423 2703 520 2748 suus:
542 2703 639 2764 quam
661 2686 752 2747 lavor
773 2684 878 2746 laudis
894 2684 1010 2746 inanis.

260 2784 347 2844 Felix
376 2784 558 2846 humiliatio
587 2784 714 2844 animae
743 2783 900 2859 dolentiS‚
928 2800 1011 2860 quae

258 2881 475 2957 cognitionem
518 2882 668 2959 propriae
710 2881 907 2942 Infirmitatis
948 2880 1009 2941 sibi

257 2979 376 3056 aperit:
405 2989 440 3040 ut
462 2979 590 3056 plangat
618 2979 747 3040 intense
774 2979 860 3055 quod
882 2978 1010 3055 propria

220 3076 427 3153 asianuitate
462 3076 634 3137 commisit.
691 3075 846 3152 Suppleat
880 3091 1010 3153 semper

258 3174 443 3234 humilitas:
479 3174 533 3233 ubi
569 3172 678 3234 delicit
708 3172 853 3249 perlecta
884 3173 1007 3234 caritas.

257 3270 333 3331 Cito
362 3270 407 3331 illi
439 3270 674 3348 Ignoscendum
704 3280 769 3331 est:
800 3269 855 3346 qui
885 3279 1005 3330 reatum

256 3385 352 3428 suum
375 3369 543 3429 humiliter
564 3368 746 3429 confitetur.
778 3366 884 3428 Facile
906 3368 1007 3443 placat

257 3465 389 3526 iratum:
405 3465 460 3541 qui
477 3466 600 3526 humile
611 3467 664 3527 dat
679 3481 884 3542 responsum.
907 3465 1005 3525 Valde

613 3571 653 3612 aee
