2146 4194
75 460 343 514 mequomo}
404 459 435 501 111
453 461 477 502 ιθ
537 459 820 514 tommano

76 595 243 672 perpendit.
292 595 366 654 Non
396 603 446 655 est
475 611 575 654 verus
605 595 732 671 patiens
763 593 818 670 qui

77 694 137 770 pati
162 711 222 754 non
250 693 320 753 vult
348 692 411 752 nisi
435 703 591 769 quantum
620 691 681 751 sibi
711 691 818 752 visum

78 791 180 851 fuerit:
210 799 242 850 et
269 808 288 850 a
315 807 379 868 quo
409 790 470 850 sibi
500 790 666 868 placuerit.
711 790 819 850 Verus

77 879 173 950 autent
194 888 320 965 patiens
335 905 400 949 non
417 888 552 949 attendit
574 906 670 965 aquo
686 887 819 948 homine

78 998 173 1048 utrum
189 1004 206 1046 a
221 987 363 1063 praelato
379 1003 450 1062 suo,
464 1003 505 1045 an
520 986 560 1046 ab
572 986 681 1063 aliquo
692 985 840 1062 aequalis

77 1095 125 1145 aut
139 1083 297 1144 inferiori:
317 1094 426 1144 utrum
441 1084 558 1144 abono
575 1093 606 1144 et
621 1093 733 1143 sancto
749 1083 819 1143 viro

76 1183 121 1242 vei
136 1198 320 1258 aperverso
336 1190 368 1241 et
382 1181 515 1258 indigno
534 1189 740 1256 exerceatur3
761 1180 819 1240 sed

75 1279 290 1339 indifferenter
311 1278 350 1337 ab
372 1279 460 1339 omni
483 1288 631 1339 creatura
650 1288 820 1355 quantum·

74 1393 204 1454 cumque
240 1386 272 1436 et
302 1376 597 1453 quotienscumque
632 1376 662 1436 ei
699 1375 819 1453 aliquid

74 1475 193 1535 adversi
209 1473 374 1549 acciderit,
392 1483 495 1534 totum
511 1474 573 1534 hoc
588 1474 628 1534 de
644 1491 741 1534 manu
758 1473 819 1533 Dei
832 1492 857 1533 ro

23 1565 24 1574 ’
73 1582 227 1648 gratanter
256 1571 374 1648 accipit
404 1581 436 1631 et
466 1571 582 1648 ingens
613 1572 739 1632 lucrum
772 1589 820 1631 re·

73 1680 169 1745 putat:
204 1670 281 1747 quia
311 1669 357 1729 nil
388 1669 472 1746 apud
504 1670 611 1729 Deum
644 1669 822 1746 quamlibet

72 1783 199 1840 parvum
222 1784 280 1844 pro
304 1768 375 1827 Deo
404 1778 512 1828 tamen
542 1784 674 1843 passum
703 1767 821 1844 poterit

73 1864 137 1924 sine
148 1864 264 1925 merito
275 1864 423 1925 transire.
442 1864 519 1924 Esto
531 1865 639 1941 itaque
650 1865 820 1942 expeditus

72 1962 107 2020 ad
121 1979 277 2040 pugnam:
295 1962 322 2022 si
339 1962 390 2022 vis
405 1962 525 2022 habere
540 1963 719 2024 victoriam.
742 1962 820 2023 Sine
833 1982 858 2022 15

73 2060 253 2136 certamine,
275 2077 340 2120 non
356 2070 449 2137 potes
464 2060 578 2120 venire
593 2061 632 2120 ad
648 2061 821 2137 patientiae

72 2171 228 2217 coronam.
265 2156 299 2217 Si
322 2158 385 2233 pati
402 2174 468 2216 non
485 2157 553 2217 vis:
575 2175 709 2218 recusas
731 2175 821 2217 coro-

72 2254 144 2315 nari.
174 2255 208 2315 Si
232 2264 340 2314 autent
363 2255 511 2315 coronari
527 2255 711 2315 desideras:
733 2265 822 2315 certa

72 2351 219 2428 viriliter,
248 2352 375 2412 sustine
399 2353 568 2428 patienter.
612 2353 690 2414 Sine
712 2353 821 2413 labore

73 2464 130 2508 non
150 2450 295 2510 tenditur
310 2450 348 2508 ad
364 2450 528 2526 requiem:
551 2467 612 2510 nec
628 2451 700 2511 sine
715 2468 858 2528 pugnano

72 2549 256 2618 pervenitur
286 2549 325 2608 ad
356 2549 534 2609 victoriam.
584 2549 652 2610 Fiat
682 2550 822 2609 Domine

72 2644 143 2705 mihi
173 2646 332 2723 possibile
361 2665 420 2723 per
446 2648 597 2725 gratiam:
627 2648 712 2724 quod
742 2647 821 2707 mihi

71 2737 269 2817 impossibile
284 2745 413 2805 videtur
428 2763 486 2822 per
499 2755 657 2805 naturam.
686 2743 734 2804 Tu
757 2745 822 2804 scis

71 2841 149 2912 quod
168 2843 334 2902 modicum
349 2860 483 2919 possum
498 2843 580 2920 pati:
604 2853 635 2903 et
656 2844 743 2920 quod
759 2843 822 2903 cito

70 2933 189 2999 deicior
218 2939 282 3000 levi
312 2950 490 3019 exurgente
518 2941 723 3001 adversitate.
770 2941 858 3000 iii-as

71 3030 193 3097 ficiatur
215 3037 295 3098 mihi
321 3038 485 3115 quaelibet
513 3038 701 3099 exercitatio
722 3038 822 3098 tribu·

71 3127 195 3194 lationis
218 3153 276 3213 pro
299 3137 432 3197 nomine
446 3148 502 3197 tuo
517 3137 665 3197 amabilis
687 3147 719 3196 et
736 3147 822 3212 opta-

70 3223 156 3289 bilis:
186 3251 260 3293 nam
290 3234 354 3311 pati
385 3246 417 3295 et
438 3235 547 3294 vexari
572 3252 630 3312 pro
651 3246 700 3310 te,
729 3235 823 3294 valde

71 3325 197 3389 salubre
220 3341 270 3392 est
291 3332 419 3392 animae
441 3349 543 3392 meae.

419 3489 560 3546 ὃὸ.
