2138 4196
245 457 365 510 &Q
437 457 476 500 DE
492 457 670 500 ῙΜΙΤΑΤΙΟΝΕ
686 457 810 500 CHRISTI
880 457 1001 511 mm

311 625 437 704 QVOD
468 626 635 688 GRATIA
664 625 934 688 DEVOTIONIS

310 723 582 784 HvlttlllTnTE
614 721 665 784 ET
697 724 765 799 SVI
796 723 934 784 IPSIVS

309 820 631 884 ABNEGATIONE
648 819 934 898 ACQVIRITVR.

504 997 573 1043 VOX
591 996 738 1043 DlLECTl.

484 1140 689 1190 CAPITVLVM
708 1139 762 1189 XV.

294 1280 324 1359 μ’
368 1277 478 1338 Portet
507 1287 539 1339 te
570 1275 754 1338 devotionis
787 1276 921 1353 gratiam
952 1276 1000 1336 in·

252 1410 265 1431 a
344 1400 354 1413 0
384 1385 508 1436 stanter
523 1391 691 1452 quaerere,
707 1374 932 1448 desideranter
945 1390 1000 1449 pe·

242 1483 313 1534 tere
340 1474 502 1550 patienter
530 1484 562 1533 et
590 1472 784 1533 fiducialiter
812 1480 1002 1548 expectare3

242 1581 405 1647 gratanter
425 1571 582 1648 recipere,
604 1569 772 1631 humiliter
793 1585 1001 1642 conservare,

206 1687 234 1738 to
243 1668 389 1729 studiose
412 1687 486 1729 cum
509 1686 547 1728 ea
569 1668 713 1744 operari:
736 1684 773 1727 ac
798 1668 868 1727 Deo
890 1666 1001 1727 termi-

243 1763 1001 1841 numetmodumsupernaevisitationisdonec
1057 1755 1058 1834 ]

243 1863 352 1923 veniat
374 1863 587 1924 committere.
620 1863 803 1923 Humiliare
825 1863 1002 1939 praecipue
1057 1877 1058 1884 ¹

242 1972 275 2022 te
297 1962 397 2022 debes
419 1979 493 2021 cum
515 1978 629 2037 parum
650 1971 704 2020 aut
719 1960 800 2020 nihil
816 1961 1003 2021 devotionis

243 2059 381 2120 interius
405 2059 526 2120 sentis:
555 2060 613 2119 sed
643 2076 708 2118 non
738 2059 875 2119 nimium
905 2059 1004 2134 deici,
1057 2107 1058 2112 1

209 2177 233 2216 ιε
243 2175 303 2217 nec
315 2158 496 2218 inordinate
508 2156 702 2217 contristari.
725 2157 787 2217 Dat
798 2173 895 2232 saepe
908 2159 1003 2217 Deus
1057 2155 1058 2226 l

242 2255 275 2314 in
298 2272 363 2315 uno
385 2255 476 2315 brevi
499 2265 682 2315 momento:
711 2255 796 2331 quod
825 2255 921 2332 longo
944 2273 1002 2316 ne·

241 2352 328 2429 gavit
356 2362 512 2430 tempore.
556 2354 618 2413 Dat
642 2352 837 2430 quandoque
861 2353 894 2413 in
917 2353 1002 2414 line:

243 2451 329 2526 quod
351 2451 385 2510 in
407 2450 744 2528 principioorationis
766 2450 890 2511 distulit
912 2450 1001 2511 dare.

244 2547 277 2607 Si
300 2565 432 2623 semper
446 2547 510 2607 cito
524 2548 626 2624 gratia
641 2548 781 2622 daretur,
804 2557 835 2608 et
849 2564 908 2623 pro
923 2558 1001 2608 voto
1057 2573 1058 2622 1

205 2646 388 2705 aoadesset:
418 2662 482 2706 non
505 2655 593 2706 esset
615 2644 745 2704 infirmo
767 2645 891 2704 homini
913 2645 1001 2706 bene
1057 2631 1058 2674 ³

242 2743 408 2819 portabile.
466 2742 642 2818 Propterea
677 2742 711 2802 in
751 2742 836 2801 bona
873 2757 931 2816 spe
968 2753 1001 2803 et

242 2840 356 2901 humili
368 2840 804 2916 patientia:expectandaest
814 2837 1000 2899 devotionis
1057 2851 1058 2882 ³

240 2938 351 3014 gratia.
393 2937 463 2997 Tibi
492 2947 602 2997 tamen
631 2947 663 2997 et
688 2936 831 3012 peccatis
852 2935 918 2997 tuis
940 2936 1001 2997 im-

242 3045 333 3111 puta:
363 3052 436 3095 cum
459 3052 525 3100 non
547 3035 641 3095 datur
667 3035 719 3094 vel
747 3033 843 3094 etiam
870 3035 1000 3095 occulte

205 3132 373 3193 astollitur.
416 3132 583 3192 Modicum
613 3131 808 3208 quandoque
835 3141 885 3193 est
911 3133 1000 3208 quod

241 3230 374 3305 gratiam
397 3229 532 3305 impedit
560 3239 592 3289 et
621 3229 805 3305 abscondit3
834 3230 861 3289 si
888 3240 1001 3295 tamen

243 3328 405 3388 modicum
417 3337 450 3387 ct
460 3344 526 3387 non
536 3326 645 3403 potius
659 3326 780 3402 grande
792 3325 854 3386 dici
866 3326 1001 3390 debeat:

183 3455 186 3460 ·
242 3426 327 3502 quod
350 3435 473 3486 tantum
496 3425 617 3484 bonum
640 3423 799 3498 prohibet.
831 3425 869 3486 Et
891 3426 920 3488 si
937 3429 1001 3489 hoc

241 3525 348 3600 ipsunt
371 3523 535 3583 modicum
558 3522 610 3582 vel
634 3522 756 3598 grande
780 3524 946 3584 amoveris
970 3536 1002 3587 et

601 3627 639 3669 roo
