2160 4194
81 606 186 675 nerat3
215 597 302 658 ethi
325 606 401 657 sunt
428 597 483 674 qui
506 615 579 658 raro
602 607 709 659 orant:
738 609 770 659 et
797 597 831 658 in

82 697 177 756 corde
191 695 356 756 modicum
373 695 413 755 de
428 712 520 755 sacra
535 695 674 756 lectione
690 703 831 755 servant.

83 793 171 854 Foris
193 802 368 870 evagantes
394 792 559 853 illecebris
581 792 699 870 inficit3
727 793 832 853 otiose

81 899 202 952 stantes
234 890 353 950 tabulis
384 890 540 951 conectit:
576 900 611 950 ut
645 907 744 966 opera
774 907 833 950 sua

81 990 260 1065 neglegant,
275 998 308 1048 et
321 988 402 1048 alios
417 987 604 1065 impediant.
629 989 720 1048 Bene
735 988 856 1048 etiams

81 1095 213 1162 agentes
241 1086 366 1146 abono
394 1086 524 1162 incepto
549 1095 696 1161 revocat;
724 1087 833 1162 legere

81 1184 131 1243 vel
153 1200 248 1243 orare
269 1183 418 1243 volentes
440 1183 615 1244 dormitare
644 1183 735 1244 iacit:
764 1201 834 1244 sur-

80 1297 156 1356 gere
179 1288 335 1340 conantes
357 1279 390 1339 in
412 1281 532 1340 lectulo
554 1291 653 1341 tenet.
689 1281 762 1341 Non
785 1291 835 1341 est

80 1380 173 1439 locus
203 1377 236 1439 in
268 1379 409 1438 claustro
441 1395 538 1455 quem
570 1388 699 1439 satanas
730 1379 834 1439 hostis

80 1476 315 1536 monachorum
347 1491 412 1534 non
444 1476 635 1551 perlustrat:
671 1487 706 1539 ut
736 1494 833 1538 unam
846 1491 871 1533 ro

80 1574 195 1633 saltem
219 1571 379 1632 oviculam
403 1573 442 1633 de
464 1589 562 1650 grege
585 1575 710 1636 Christi
734 1575 835 1652 rapiat

80 1681 112 1730 et
140 1671 263 1746 perdat.
313 1669 520 1747 Quapropter
545 1682 656 1748 pastor
684 1673 835 1733 caelestis

78 1769 143 1828 alta
165 1783 245 1826 voce
267 1783 369 1827 comu
392 1767 506 1828 salutis
524 1770 644 1846 sufflat,
666 1780 698 1830 et
719 1771 836 1831 ovibus

79 1865 150 1926 suis
179 1864 233 1925 ait.
275 1865 414 1941 Vigilate
442 1875 474 1926 et
498 1877 604 1927 orate:
633 1878 668 1928 ut
694 1885 760 1928 non
789 1868 836 1928 in-

78 1965 174 2024 tretis
185 1963 218 2023 in
228 1962 484 2039 temptationem.
509 1962 557 2024 Ac
568 1965 595 2025 si
607 1966 701 2026 dicat.
727 1967 837 2042 Lupus
849 1981 873 2023 rs

78 2079 180 2138 rapax
201 2060 317 2120 circuit
331 2060 538 2121 tabernacula
553 2073 677 2124 vestra:
699 2079 837 2140 serpens

31 2171 34 2175 ’
79 2160 237 2236 antiquus
258 2156 374 2217 callide
394 2157 520 2234 quaerit
535 2159 681 2220 toramen
697 2160 836 2221 intrandi

79 2261 119 2319 ad
142 2257 300 2318 interiora
322 2257 429 2318 cordis
449 2258 566 2334 vestri;
588 2267 623 2318 ut
638 2259 768 2319 dentem
791 2259 839 2318 in·

79 2356 158 2432 figat
180 2371 240 2430 per
261 2353 358 2416 iram:
387 2366 441 2416 aut
470 2357 583 2416 osculo
613 2358 753 2417 mulceat
780 2373 840 2433 per

79 2452 329 2530 turpitudinem.
371 2454 439 2514 Vos
468 2471 544 2530 ergo
569 2454 699 2532 vigilate
721 2454 875 2527 anim0,2o

79 2562 112 2612 et
135 2560 228 2612 orate
250 2551 347 2610 corde
370 2560 402 2610 et
423 2568 480 2611 ore
495 2549 548 2611 die
570 2569 606 2612 ac
628 2561 742 2628 nocte3
764 2551 840 2628 quia

80 2652 120 2710 ab
143 2647 235 2710 omni
258 2658 348 2724 parte
364 2648 457 2708 vobis
473 2648 571 2710 instat
585 2650 718 2724 bellum,
740 2659 772 2709 et
793 2647 838 2708 nil

79 2757 189 2807 tutum
205 2747 267 2806 sub
282 2746 383 2819 caelo,
405 2755 438 2805 et
452 2745 629 2807 adversarii
646 2748 737 2808 multi
754 2747 838 2808 docti

80 2848 120 2907 ad
143 2844 307 2922 proelium
330 2844 497 2905 mittentes
518 2845 651 2922 sagittas
666 2855 786 2920 acutas,
808 2855 841 2905 et

80 2945 221 3021 laqueos
242 2941 481 3002 abscondentes
496 2942 634 3018 pedibus
649 2943 784 3003 vestris:
807 2952 841 3002 ut
849 2957 876 2998 25

80 3039 208 3101 cadatis
229 3039 263 3099 in
285 3039 402 3099 itinere
425 3050 524 3116 recto,
547 3050 579 3100 et
600 3051 747 3100 asancto
768 3057 840 3116 pro-

80 3139 192 3215 posito
221 3137 392 3199 recedatis,
441 3138 505 3200 Sed
535 3148 616 3199 state
646 3138 782 3199 firmiter
809 3149 841 3198 et

80 3244 226 3314 pugnate
256 3235 383 3294 fortiter
412 3252 471 3311 pro
505 3235 675 3296 animabus
705 3236 840 3297 vestris:

80 3351 143 3412 ego
170 3334 332 3394 Dominus
354 3350 411 3393 ero
435 3333 615 3394 vobiscum.
659 3332 840 3395 Observate

79 3441 193 3493 autem
223 3439 317 3492 caute
346 3431 460 3507 quales
488 3431 647 3507 imagines
675 3431 768 3491 vobis
794 3431 878 3490 in-ao

79 3538 259 3605 geruntur3
288 3528 359 3588 sive
382 3528 421 3588 de
444 3528 565 3588 mundo
589 3528 660 3588 sive
682 3529 722 3588 de
745 3545 841 3588 carne

444 3631 485 3674 275
694 3632 735 3674 ra·
