2146 4194
93 458 377 511 mammffims
439 459 470 501 ιιι
485 460 513 502 ιι
573 460 854 513 ’mmmmm

96 591 185 668 quod
208 608 272 651 non
288 592 355 652 vis:
377 602 409 652 et
430 592 585 668 quodvis
608 604 735 669 oportet
757 593 852 655 relin-

96 705 210 765 quere.
244 689 340 766 Quod
363 689 436 748 aliis
458 689 562 765 placet
585 707 775 766 processum
799 694 853 751 ha·

96 785 202 845 bebit:
224 787 310 862 quod
326 785 382 846 tibi
399 787 504 862 placet
519 787 601 848 ultra
616 805 681 848 non
697 788 853 865 proficiet.

98 884 197 961 Quod
220 885 273 944 alii
294 885 405 949 dicunt
427 886 591 946 audietur:
615 887 700 963 quod
722 896 756 946 tu
772 887 854 947 dicis

98 982 283 1058 pronihilo
311 983 559 1058 computabitur.
603 983 718 1043 Petent
747 983 799 1043 alii
822 994 877 1045 ets

97 1079 276 1156 accipient:
291 1091 325 1140 tu
341 1090 433 1156 petes
449 1097 509 1140 nec
525 1080 723 1156 impetrabis.
753 1081 854 1142 Erunt

97 1176 151 1236 alii
170 1177 276 1253 magni
299 1177 332 1236 in
351 1195 407 1238 ore
423 1177 608 1239 hominum:
631 1180 671 1239 de
694 1189 725 1240 te
747 1190 853 1241 autem

97 1274 268 1335 tacebitur.
290 1274 374 1335 Aliis
390 1278 451 1336 hoc
462 1277 514 1337 vei
526 1276 605 1337 illud
621 1276 854 1336 committetur:

97 1383 132 1432 tu
148 1383 257 1432 autem
274 1373 312 1432 ad
329 1373 410 1433 nihil
426 1375 505 1435 utile
520 1374 726 1435 iudicaberis.
757 1374 855 1450 Prop-

97 1483 149 1532 ter
172 1474 233 1531 hoc
256 1482 370 1532 natura
385 1473 580 1549 quandoque
595 1471 855 1532 contristabitur:
867 1493 891 1534 ro

97 1580 131 1629 et
154 1585 306 1646 magnum
334 1569 362 1629 si
385 1570 488 1630 silens
510 1569 701 1646 portaveris,
746 1569 781 1628 ln
803 1569 855 1628 his

97 1679 131 1729 et
160 1667 324 1728 similibus
347 1667 458 1728 multis
480 1667 607 1744 probari
638 1668 722 1727 solet
750 1666 855 1738 fidelis

97 1765 234 1827 Domini
257 1783 391 1826 servus:
420 1765 560 1843 qualiter
581 1782 618 1825 se
642 1765 802 1841 abnegare
825 1775 857 1825 et

97 1865 133 1924 in
163 1863 317 1923 omnibus
347 1863 496 1940 frangere
524 1861 675 1939 quiverit.
718 1861 780 1920 Vix
807 1871 857 1921 est

97 1960 224 2036 aliquid
253 1960 315 2020 tale
344 1960 377 2019 in
400 1976 464 2037 quo
493 1959 682 2019 tantundem
705 1957 786 2017 mori
810 1957 894 2017 in-rs

97 2059 194 2135 diges
217 2057 301 2118 sicut
323 2057 434 2116 videre
457 2067 489 2117 et
510 2057 573 2132 pati
597 2073 679 2134 quae
699 2054 855 2116 voluntati

98 2168 177 2217 tuae
200 2156 337 2215 adversa
366 2165 458 2214 sunt:
487 2154 628 2214 maxime
652 2164 759 2214 autem
782 2169 855 2212 cum

98 2252 384 2315 disconvenientia
405 2263 437 2312 et
458 2268 542 2329 quae
557 2252 666 2312 minus
689 2249 779 2310 utilia
800 2248 856 2309 tibi

98 2360 258 2428 apparent
270 2349 338 2411 fieri
355 2351 517 2411 iubentur.
547 2350 585 2410 Et
596 2349 671 2427 quia
682 2365 746 2407 non
757 2348 858 2407 audes

99 2447 259 2509 resistere
275 2447 379 2508 altiori
391 2447 541 2523 potestati
555 2448 616 2506 sub
628 2445 771 2506 dominio
783 2461 894 2504 con-ao

99 2545 253 2620 stitutus3
269 2544 341 2604 ideo
357 2545 473 2605 durum
488 2544 543 2606 tibi
555 2545 684 2605 videtur
694 2544 731 2603 ad
743 2553 857 2603 nutum

99 2642 238 2703 alterius
253 2643 434 2702 ambulare:
450 2652 482 2703 et
497 2660 594 2702 omne
605 2641 770 2718 proprium
785 2657 858 2700 sen-

100 2740 163 2800 tire
180 2738 340 2799 omittere.
370 2739 433 2800 Sed
450 2758 552 2816 pensa
572 2739 615 2799 fili
635 2741 750 2798 horum
775 2738 859 2798 irue-

101 2849 171 2898 tum
195 2837 352 2912 laborum,
374 2837 515 2898 celerem
539 2837 636 2897 finem
658 2848 753 2913 atque
769 2853 859 2912 prae-

101 2935 205 2995 mium
218 2933 316 2994 nimis
327 2952 497 3012 magnum3
512 2945 544 2996 et
555 2953 620 2996 non
632 2933 767 2994 habebis
783 2933 858 2993 inde
868 2951 895 2993 as

99 3033 364 3110 gravamen:sed
376 3033 590 3094 Fortissimum
602 3033 775 3110 patientiae
786 3043 859 3093 tuae

101 3132 262 3191 solamen.
292 3129 374 3190 Nam
398 3140 429 3190 et
451 3149 509 3207 pro
525 3131 652 3192 modica
671 3133 731 3191 hac
747 3131 860 3191 volun-

101 3240 168 3290 tate
190 3245 287 3306 quam
310 3245 397 3287 nunc
420 3238 536 3304 sponte
558 3229 701 3289 deseris:
725 3228 860 3288 habebis

101 3341 236 3401 semper
258 3326 457 3386 voluntatem
488 3335 574 3386 tuam
604 3325 637 3385 in
660 3326 769 3386 caelis.
813 3326 858 3385 ibi

101 3422 225 3500 quippe
265 3422 415 3483 invenies
451 3441 548 3484 omne
583 3424 670 3500 quod
706 3423 897 3498 volueris‚ao

101 3537 213 3595 omne,
235 3521 322 3597 quod
337 3520 524 3580 desiderare
540 3520 677 3596 poteris:
699 3519 742 3579 ibi
759 3519 861 3580 aderit

463 3625 504 3668 aas
