2146 4194
250 447 371 500 dmm
441 447 479 489 DE
495 446 675 490 ΙΜΙΤΑΊΊΟΝΕ
690 445 815 490 CHRISTI
884 446 997 501 &Q
1062 491 1063 494 ,

250 591 431 658 posuerunt
446 581 557 642 nidum
573 581 653 658 sibi;
675 592 710 643 ut
724 581 884 643 humiliati
900 592 931 643 et
949 582 999 642 de·

251 679 417 757 pauperati
433 679 559 740 discant
581 697 646 740 non
664 679 697 739 in
715 680 774 740 aiis
790 679 860 740 suis
882 680 999 740 volare:

159 824 162 830 .
252 777 310 838 sed
338 777 399 837 sub
428 776 546 853 pennis
575 777 658 838 meis
680 795 823 854 sperare.
865 778 930 856 Qui
951 777 999 837 ad-

252 877 316 936 huc
338 875 414 936 novi
437 885 513 936 sunt
534 885 566 936 et
587 875 717 953 inperiti
740 876 774 935 in
789 876 842 936 via
858 875 999 937 Domini:
1062 929 1063 932 ,

228 973 315 1034 snisi
325 973 461 1034 consilio
470 974 686 1035 discretorum
695 991 732 1034 se
741 975 1002 1051 regant‚faciliter
1057 985 1063 1012 ¹*

252 1070 357 1147 decipi
386 1081 524 1147 possunt
555 1082 586 1133 et
608 1071 694 1132 elidi.
738 1071 834 1149 Quod
859 1073 888 1132 si
911 1090 1000 1133 suum

251 1168 374 1229 sentire
389 1169 492 1244 magis
507 1169 600 1246 sequi
617 1186 714 1246 quam
734 1169 807 1229 aliis
822 1170 1001 1230 exercitatis

252 1267 386 1328 credere
397 1266 524 1343 volunt3
537 1267 598 1328 erit
608 1267 657 1327 eis
668 1267 874 1343 periculosus
886 1267 1001 1328 exitus:

251 1364 279 1424 si
302 1375 410 1424 tamen
433 1364 552 1424 retrahi
577 1382 595 1424 a
616 1363 747 1441 proprio
770 1376 930 1441 conceptu
950 1381 1002 1425 no·

218 1461 381 1524 roluerint.
434 1463 517 1523 Raro
549 1461 610 1522 sibi
642 1461 724 1538 ipsis
756 1461 938 1537 sapientes:
967 1462 1003 1520 ab

252 1559 324 1620 aliis
347 1560 414 1637 regi
432 1559 600 1620 humiliter
615 1559 789 1636 patiuntur.
819 1559 943 1620 Melius
958 1569 1004 1620 est

252 1674 367 1734 sapere
389 1657 553 1718 modicum
569 1672 642 1716 cum
665 1655 848 1716 humilitate
863 1667 897 1718 et
911 1675 1004 1733 parva

252 1754 488 1832 intellegentia:
524 1771 620 1831 quarn
656 1754 763 1831 magni
796 1755 1003 1817 scientiarum

252 1851 396 1912 thesauri
419 1868 493 1911 cum
510 1868 591 1910 vana
606 1850 851 1926 complacentia.
886 1852 1005 1913 Melius
1062 1877 1063 1882 ¹

218 1973 242 2014 ιε
253 1958 303 2009 est
317 1949 373 2009 tibi
385 1949 494 2009 minus
505 1949 642 2009 habere:
658 1964 754 2024 quam
771 1951 911 2011 multum
922 1951 1005 2011 unde

252 2065 368 2124 posses
382 2047 562 2125 superbire.
595 2047 669 2107 Non
685 2047 763 2108 satis
778 2048 921 2109 discrete
936 2048 1007 2126 agit,

252 2145 307 2222 qui
330 2162 366 2205 se
387 2155 490 2206 totum
513 2145 653 2206 laetitiae
675 2144 786 2206 tradit:
808 2146 1008 2207 obliviscens

252 2243 407 2319 pristinae
439 2243 567 2319 inopiae
599 2260 677 2303 suae
709 2253 741 2304 et
770 2243 849 2304 casti
882 2243 1008 2328 timoris

253 2341 395 2416 Domini,
418 2340 472 2417 qui
495 2340 587 2401 timet
605 2340 739 2416 gratiam
756 2341 895 2401 oblatam
918 2340 1009 2401 amit·

214 2448 330 2501 sotere.
361 2438 431 2499 Nec
453 2437 549 2499 etiam
565 2438 644 2499 satis
663 2438 808 2499 virtuose
830 2437 933 2514 sapit;
956 2437 1009 2515 qui

251 2547 398 2612 tempore
427 2535 632 2596 adversitatis
661 2545 693 2596 et
716 2535 877 2612 cuiusque
905 2536 1010 2612 gravi·

251 2634 325 2694 tatis
348 2633 446 2693 nimis
468 2633 639 2709 desperate
660 2649 697 2692 se
719 2633 818 2710 gerit:
845 2643 877 2693 et
900 2633 1010 2693 minus

253 2730 390 2791 fidenter
418 2730 457 2790 de
487 2747 539 2790 me
570 2747 666 2807 quam
698 2739 825 2806 oportet
854 2731 1010 2808 recogitat

252 2845 289 2888 ac
318 2827 425 2888 sentit.
468 2827 534 2904 Qui
557 2837 703 2904 tempore
725 2828 815 2904 pacis
838 2827 939 2888 nimis
961 2845 1011 2888 se·

214 2944 351 2990 ascurus
374 2942 448 2985 esse
470 2925 626 2985 voluerit:
648 2941 746 3001 saepe
762 2934 911 3002 tempore
934 2927 1010 2986 belli

252 3025 350 3085 nimis
361 3023 508 3083 deiectus
523 3034 555 3083 et
570 3022 803 3083 formidolosus
817 3023 1011 3099 reperietur.

253 3121 287 3182 Si
309 3121 413 3182 scires
435 3137 566 3197 semper
587 3120 721 3180 humilis
750 3130 782 3179 et
804 3120 956 3181 modicus
979 3121 1011 3180 in

252 3231 284 3281 te
312 3235 521 3296 permanere3
552 3234 613 3277 nec
642 3233 707 3277 non
736 3216 888 3293 spiritum
918 3228 1011 3279 tuum

252 3318 335 3377 bene
358 3316 527 3376 moderare
550 3324 582 3375 et
604 3331 733 3391 regere:
756 3331 822 3374 non
845 3314 1012 3376 incideres
1062 3365 1063 3378 .

215 3428 316 3480 aotam
339 3416 403 3475 cito
425 3414 458 3474 in
474 3412 655 3490 periculum
671 3421 703 3472 et
718 3411 890 3472 offensam.
923 3411 1012 3474 Con-

252 3513 361 3573 silium
377 3511 498 3570 bonum
515 3513 585 3584 est‚'
596 3518 631 3569 ut
647 3508 786 3569 fervoris
801 3509 919 3585 spiritu
937 3528 1013 3571 con·
1062 3547 1063 3600 ἦ
