2138 4196
219 453 340 506 num
411 454 784 500 osturrnrrouscuursrr
854 455 980 511 mamm
1061 449 1062 512 ζ

272 647 329 707 DE
352 647 477 710 BONO
501 648 711 711 PACIFICO
735 649 927 712 HOMINE.

464 821 669 872 CAPITVLVM
688 823 734 872 111.

220 905 409 1136 §Elim
439 985 471 1035 te
501 976 606 1052 primo
639 976 673 1036 in
704 993 800 1052 pace:
836 986 868 1036 et
899 985 979 1036 tunc

366 1072 489 1148 poteris
519 1072 600 1132 alios
634 1072 814 1148 pacificare.
867 1073 980 1135 Homo

196 1170 376 1246 spacificus
386 1170 489 1247 magis
497 1171 750 1248 prodestzquam
759 1172 980 1234 benedoctus

221 1269 328 1329 Homo
344 1268 551 1344 passionatus
562 1269 658 1330 etiarn
669 1270 791 1331 bonum
807 1270 840 1330 in
855 1272 979 1331 malum

220 1366 333 1427 trahit:
356 1376 388 1427 et
410 1366 548 1426 faciliter
569 1367 689 1427 malum
712 1367 824 1428 credit.
862 1369 980 1428 Bonus

220 1463 376 1540 pacificus
405 1465 519 1524 homo:
548 1464 658 1524 omnia
687 1465 726 1525 ad
754 1465 876 1525 bonurn
901 1483 980 1526 con·

220 1561 326 1622 vertit.
369 1561 435 1637 Qui
457 1563 542 1622 bene
563 1562 597 1621 in
621 1579 701 1638 pace
723 1571 788 1622 est:
818 1562 858 1622 de
887 1564 980 1624 nullo

187 1675 212 1715 ιο
221 1659 414 1735 suspicatur.
457 1659 523 1736 Qui
552 1669 661 1720 autern
689 1659 774 1719 male
803 1669 980 1721 contentus
1063 1701 1064 1728 t

221 1767 271 1818 est
302 1767 333 1818 et
362 1767 562 1818 commotus:
597 1757 697 1817 variis
732 1757 980 1833 suspicionibus

220 1855 366 1931 agitatur.
416 1855 486 1915 Nec
514 1855 586 1930 ipse
614 1854 771 1931 quiescit:
802 1872 863 1914 nec
895 1856 980 1916 alios

221 1953 392 2029 quiescere
423 1951 588 2028 permittit.
640 1952 727 2013 Dicit
760 1969 858 2029 saepe
890 1955 980 2029 quod

221 2052 331 2112 dicere
351 2067 417 2111 non
440 2050 589 2111 deberet:
612 2060 644 2111 et
666 2050 784 2112 omittit
805 2051 892 2128 quod
914 2053 978 2112 sibi

187 2165 211 2205 15
221 2149 323 2226 magis
346 2151 453 2211 iacere
476 2148 652 2224 expediret.
683 2147 881 2210 Considerat
898 2150 980 2225 quid
1064 2207 1065 2214 ,

221 2247 274 2307 alii
294 2247 401 2308 facere
417 2256 586 2307 tenentur:
609 2255 641 2306 et
655 2245 798 2322 neglegit
811 2244 890 2322 quid
905 2246 980 2322 ipse

220 2355 378 2406 teneatur.
409 2344 501 2404 Habe
524 2361 600 2420 ergo
623 2343 728 2420 primo
748 2343 856 2403 zelum
878 2360 983 2420 super

221 2452 253 2502 te
281 2443 406 2518 ipsum:
437 2452 469 2503 et
497 2452 574 2503 tunc
605 2442 691 2502 iuste
719 2440 827 2502 zelare
855 2441 982 2517 poteris

221 2540 318 2600 etiarn
350 2541 533 2616 proximum
564 2551 666 2601 tuum.
716 2538 764 2599 Tu
796 2539 880 2598 bene
911 2539 981 2599 scis

184 2639 305 2699 oracta
333 2649 388 2699 tua
417 2656 574 2699 excusare
600 2649 631 2699 et
655 2638 817 2698 colorare:
847 2646 879 2697 et
900 2636 980 2696 alio·

222 2753 293 2796 rum
305 2736 609 2797 excusationesnon
620 2735 672 2795 vis
683 2735 839 2811 recipere.
856 2733 981 2794 Iustius

222 2843 311 2894 esset
332 2843 367 2894 ut
388 2843 419 2894 te
448 2850 638 2894 accusares:
668 2843 699 2893 et
729 2833 861 2893 fratrem
885 2841 981 2892 tuum

222 2948 407 2992 excusares.
438 2930 472 2993 Si
487 2931 607 3008 portari
625 2931 692 2990 vis:
715 2939 807 3007 porta
821 2939 854 2990 et
868 2929 981 2990 alium.

222 3029 306 3090 Vide
327 3047 424 3106 quarn
447 3030 543 3107 longe
565 3046 601 3089 es
624 3029 729 3089 adhuc
759 3046 777 3088 a
798 3044 876 3088 vera
898 3027 981 3086 cari·

186 3134 286 3186 astate
308 3137 340 3186 et
355 3126 553 3188 humilitate:
575 3144 658 3204 quae
673 3126 754 3186 nulli
769 3125 860 3185 novit
881 3123 980 3185 irasci

222 3224 274 3282 vel
297 3223 468 3300 indignari,
489 3225 553 3284 nisi
575 3235 700 3284 tanturn
722 3223 794 3284 sibi.
831 3223 906 3283 Non
929 3231 981 3282 est

223 3339 375 3398 magnum
404 3340 478 3382 curn
507 3322 602 3383 bonis
633 3333 665 3382 et
693 3321 874 3383 mansuetis
903 3337 981 3380 con·

223 3420 363 3480 versari:
395 3421 457 3481 hoc
489 3421 576 3480 enirn
608 3419 760 3480 omnibus
789 3418 983 3479 naturaliter

224 3519 345 3594 placet3
376 3527 407 3578 et
437 3518 664 3595 unusquisque
695 3517 835 3577 libenter
865 3533 982 3592 pacem

589 3623 616 3662 or
