2138 4196
294 865 513 928 CAPITVLA
537 864 652 927 LIBRI
676 863 927 942 SEQVENTIS.

234 1125 272 1166 DE
288 1127 373 1167 interna
388 1123 475 1166 Christi
494 1125 605 1168 locutione
623 1126 650 1167 ad
670 1127 766 1168 animam
786 1126 871 1168 fidelem

232 1197 301 1250 Quod
312 1197 394 1238 veritas
405 1198 466 1238 intus
477 1196 576 1250 loquitur
585 1197 635 1239 sine
645 1198 740 1250 strepitu
756 1198 873 1239 verborum

233 1267 300 1320 Quod
320 1268 387 1308 verba
407 1265 447 1308 Dei
468 1279 518 1309 eum
539 1267 663 1310 humilltate
684 1276 738 1309 sunt
756 1267 872 1319 audienda,

210 1345 224 1385 5
286 1347 306 1382 et
321 1339 380 1392 quod
396 1339 459 1380 multi
475 1351 500 1380 ea
515 1351 558 1381 non
575 1339 697 1393 ponderant
726 1369 873 1381 .....

233 1410 300 1465 Quod
316 1412 338 1453 in
354 1411 445 1452 veritate
460 1418 481 1452 et
495 1410 620 1452 humilitate
634 1421 708 1452 coram
723 1408 770 1452 Deo
784 1422 873 1452 eonver-

286 1481 382 1523 srndum
397 1489 431 1523 est

234 1553 267 1596 De
282 1552 379 1594 mirabili
394 1551 471 1594 ellectu
487 1552 558 1594 divini
573 1553 658 1594 amoris
690 1582 873 1594 ......

234 1623 267 1666 De
282 1624 411 1677 probatione
426 1626 472 1666 veri
487 1625 594 1666 amatoris
617 1654 871 1666 ........

199 1694 224 1734 10
234 1695 267 1737 De
282 1694 412 1737 occultanda
426 1696 495 1747 gratia
510 1696 553 1736 sub
569 1695 703 1737 humilitatis
717 1694 835 1736 custodia.
865 1724 870 1736 .

234 1765 267 1807 De
282 1765 321 1806 vili
336 1766 491 1808 aestimatione
506 1765 542 1806 sui
559 1766 634 1818 ipsius
649 1766 671 1806 in
686 1764 759 1806 oeulis
775 1763 816 1807 Del
833 1794 838 1806 .
868 1795 872 1806 .

233 1836 300 1889 Quod
316 1838 391 1880 omnla
401 1836 428 1878 ad
440 1835 512 1878 Deum
524 1837 583 1878 sieut
593 1837 620 1879 ad
632 1836 697 1878 finem
707 1836 812 1878 ultlmum
823 1844 875 1878 sunt

286 1907 401 1950 referende
436 1937 871 1949 .............

232 1977 300 2032 Quod
315 1986 391 2032 spreto
406 1978 490 2020 mundo
505 1977 569 2019 dulce
584 1985 618 2018 est
632 1979 718 2020 servire
734 1977 781 2020 Deo
831 2008 836 2019 .
866 2007 872 2018 .
891 1977 899 1986 ¹

199 2049 224 2092 15
232 2049 299 2102 Quod
315 2049 428 2092 desideria
441 2048 517 2090 cordls
532 2047 677 2090 examinando
696 2055 749 2090 sunt
766 2056 786 2090 et
802 2048 875 2090 mode·

234 2191 266 2234 De
282 2191 439 2234 informatione
454 2192 572 2246 patientiae
591 2199 611 2233 et
628 2191 748 2233 luctemlne
765 2190 876 2234 adversus

285 2265 479 2317 eoneuplseentias
510 2293 874 2305 ...........

234 2333 267 2376 De
281 2334 421 2376 oboedientia
436 2333 531 2376 humilis
546 2333 630 2376 subditi
645 2334 672 2376 ad
686 2335 813 2388 exemplum
825 2334 875 2377 lesu

198 2409 226 2451 20
286 2403 373 2447 Christi
404 2435 875 2448 ..............

234 2477 267 2519 De
275 2477 369 2519 occultis
379 2476 420 2518 Del
429 2476 522 2518 iudiciis
530 2477 701 2519 considerandis
710 2489 736 2520 ne
744 2477 877 2520 extollamur

287 2548 390 2589 inbonis

233 2617 337 2672 Qualiter
351 2618 455 2660 standum
472 2620 540 2661 sitae
555 2619 675 2662 dicendum
691 2620 713 2660 in
726 2621 787 2662 omnl
803 2631 826 2662 re
840 2620 876 2662 de-

287 2689 402 2731 siderabili
440 2719 874 2732 .............
951 2684 986 2727 XV

197 2765 224 2808 25
233 2760 301 2813 Quod
312 2771 389 2802 verum
400 2759 509 2802 solacium
526 2761 548 2802 ln
559 2760 609 2801 solo
621 2759 668 2801 Deo
678 2768 712 2802 est
724 2760 874 2813 quaerendum
941 2754 984 2799 llVl

233 2831 300 2884 Quod
315 2834 391 2873 omnis
406 2831 536 2874 sollicitudo
551 2833 573 2872 in
590 2831 638 2873 Deo
652 2832 769 2873 statuenda
783 2833 814 2873 slt
833 2861 838 2873 .
868 2861 873 2873 .
929 2825 984 2871 XVll

233 2901 301 2954 Quod
316 2902 450 2956 temporales
466 2903 570 2944 miseriae
585 2902 688 2955 exemplo
700 2901 787 2944 Christl
798 2914 876 2954 aequa·

287 2973 377 3014 nlmlter
391 2981 443 3015 sunt
459 2972 561 3015 lerendre
582 3003 875 3015 .........
918 2967 984 3014 xvlll

235 3042 268 3084 De
289 3043 405 3085 tolerantie
426 3044 559 3085 iniuriarum
584 3051 605 3085 et
626 3044 678 3096 quis
700 3055 767 3085 verus
790 3045 876 3097 petiens
1048 3087 1049 3096 ἶ

197 3118 224 3158 3ο
288 3114 393 3166 probetur
442 3145 876 3157 .............
940 3108 985 3154 xlx
1048 3107 1049 3136 ³

236 3183 268 3226 De
283 3184 426 3226 confessione
442 3186 545 3238 propriae
561 3183 697 3226 inllrmltutls
708 3193 729 3226 et
742 3184 809 3226 huius
820 3185 877 3226 vitae

289 3257 389 3298 miseriis

235 3326 302 3379 Quod
313 3327 336 3368 ln
346 3326 394 3369 Deo
401 3339 471 3380 super
481 3329 556 3369 omnis
566 3328 623 3369 bons
637 3335 657 3369 et
667 3327 726 3369 dona
738 3328 877 3380 requiescen-

289 3398 342 3439 dum
357 3406 391 3440 est
406 3428 877 3440 ..............
940 3390 984 3436 lllll

197 3469 225 3510 ³5
236 3469 269 3510 De
285 3469 436 3512 recordatione
451 3469 610 3522 multiplicium
626 3469 783 3511 beneficiorum
800 3469 873 3512 Del.
929 3462 983 3509 llllll
1048 3461 1049 3488 l

237 3538 270 3582 De
285 3549 380 3592 quatuor
395 3551 496 3591 magnam
512 3539 685 3593 importantibus
701 3552 805 3593 pacem.
835 3570 840 3581 .
872 3572 877 3582 .
919 3533 984 3582 lllllll
1048 3543 1049 3552 ¹

595 3619 633 3661 tto
