2156 4168
493 430 611 477 Adnotario
625 432 709 474 critica.

261 567 331 639 223,
345 581 358 621 4
374 562 451 639 Cap.
468 567 519 624 45.
534 564 560 624 Α
569 579 581 634 ,·
596 563 774 639 capitulum
790 564 885 624 deest
898 564 935 623 in
952 563 988 624 C.

261 660 289 702 23
309 649 439 704 eruetur
457 649 517 703 out
536 645 583 714 B;
604 643 845 704 consolabitur]
870 643 903 704 C.

260 740 289 782 as
309 724 415 784 amici.
436 726 604 800 (punctum
628 724 783 800 pallidum
805 725 869 799 est)
893 723 928 785 C.

260 820 288 862 za
304 820 366 880 per
382 807 454 881 (pro
473 805 612 880 praeter)
633 805 672 864 N.
766 829 771 836 ·

260 905 331 977 224,
353 919 361 959 1
386 917 507 962 mecum
522 903 612 978 foret
631 902 678 961 ito
699 901 738 961 N.

260 998 275 1039 2
297 983 498 1042 ”sollicitaret
519 983 582 1041 ”me
599 981 603 1059 Ι
622 982 658 1041 Β.

260 1080 281 1122 o.
298 1079 323 1120 10
345 1077 456 1122 sumus
477 1078 535 1121 nec
555 1062 591 1121 B.

263 1161 288 1201 13
302 1142 400 1219 follis
421 1158 478 1202 nec
499 1142 535 1201 B.

263 1241 287 1282 14
309 1239 443 1284 rursum.
464 1222 569 1282 omnis
591 1220 635 1292 C,·
658 1238 782 1282 rursum
806 1221 919 1283 Omnis
941 1223 981 1283 N.

263 1321 288 1361 15
308 1303 427 1364 labilis.
450 1303 587 1362 maxime
610 1301 643 1362 C.
969 1363 972 1368 ,

263 1400 333 1442 1218
352 1399 469 1443 sonore
482 1382 616 1442 videtur.
639 1382 801 1460 Quoniam
812 1383 909 1457 (falso
920 1401 981 1459 pro

222 1464 341 1542 Quom)
358 1465 534 1540 prudenter
553 1462 607 1523 iol.
626 1465 699 1522 100v
714 1463 747 1522 in
762 1462 788 1522 Α
804 1463 981 1539 abundant,

221 1562 295 1605 cum
320 1545 374 1606 iol.
400 1546 470 1604 101r
491 1559 510 1602 a
529 1558 646 1604 sonare
666 1542 794 1602 videtur
812 1543 957 1620 incipiat.

260 1645 337 1717 235,
364 1659 378 1699 o
409 1641 498 1700 utilis
526 1641 562 1700 B.
605 1640 655 1701 Ad
684 1659 797 1701 eorum
828 1641 980 1702 codicum
1065 1699 1067 1710 .

221 1739 411 1797 numerum,
439 1739 523 1797 quos
551 1721 614 1782 alio
643 1723 736 1781 Ιοεοι
764 1721 829 1781 dixi
857 1722 981 1781 habere

222 1803 309 1872 utile,
325 1802 463 1862 addendi
479 1811 556 1862 sunt
570 1802 603 1861 N
609 1799 642 1861 C.
671 1801 780 1878 Quod,
801 1818 844 1861 ne
859 1802 979 1862 iterum
1067 1827 1068 1830 ¹

221 1882 414 1943 dormitandi
431 1881 642 1942 excusatione
657 1894 729 1942 utar
741 1898 825 1942 neve
836 1882 876 1941 ad
892 1898 980 1942 com-

220 1963 375 2039 pendium
391 1962 470 2022 illud
486 1963 631 2039 syllabae
642 1961 669 2021 is
680 1961 876 2038 confugiam,
891 1963 980 2039 quod

220 2044 258 2102 ab
288 2058 305 2102 e
333 2044 487 2103 deorsum
509 2042 638 2102 sinuata
665 2043 752 2102 hand
774 2042 818 2102 ita
839 2043 980 2103 multum

220 2123 338 2198 differt,
353 2141 372 2182 a
385 2123 616 2199 grammaticis,
637 2121 691 2182 ubi
708 2123 748 2182 de
765 2124 981 2199 congruentia

219 2202 394 2280 praedicati
410 2203 560 2263 adiectivi
577 2203 750 2277 disserant,
765 2203 915 2279 exempla
925 2204 980 2263 ad-

220 2283 297 2344 ferri
319 2294 432 2343 notum
449 2292 509 2358 est,
530 2283 638 2359 qualia
653 2292 745 2342 sunt:
771 2281 868 2342 Triste
883 2283 981 2357 lupus

218 2363 355 2423 stabulis
386 2373 417 2423 et
447 2363 572 2422 varium
608 2368 639 2422 ei
671 2363 827 2423 mutabile
856 2378 984 2438 semper

218 2444 351 2517 femina.
1069 2451 1070 2456 ’

258 2542 328 2615 239,
342 2556 376 2598 n.
387 2557 414 2597 29
429 2540 513 2600 nulii
590 2540 704 2599 melius
714 2540 827 2600 eadem
838 2539 981 2600 dicenda

219 2630 423 2713 suntpqnae
452 2637 551 2696 supra
578 2637 608 2696 p.
630 2623 685 2679 491
718 2620 757 2679 ad
782 2622 854 2696 108,
875 2637 903 2677 24
924 2621 980 2680 ad·

219 2711 339 2760 notavi.

258 2800 328 2872 250,
351 2815 359 2856 1
383 2798 548 2873 captiuam
563 2797 630 2857 AN
634 2795 660 2857 C
680 2798 784 2857 codex
800 2797 981 2857 Lucensis²

219 2879 322 2937 codex
345 2877 618 2939 Nonasteriensis
630 2881 650 2952 ³,
677 2877 844 2952 captiuum
868 2879 980 2953 vulgo.

220 2958 400 3019 Scribentis
415 2959 523 3018 animo
534 2957 664 3018 videtur
676 2957 886 3017 obversatum
902 2975 981 3018 esse

219 3038 402 3099 subiectum
424 3039 547 3108 animo,
570 3037 664 3096 cuius
679 3037 823 3096 nominis
838 3054 979 3098 numero

220 3119 375 3195 singulari
390 3118 532 3178 Thomas
550 3118 584 3176 in
600 3126 751 3194 quattuor
766 3116 881 3193 primis
896 3130 980 3178 trac-

220 3271 380 3280 ...2—--

261 3356 268 3383 ¹
284 3355 337 3396 Pom
351 3355 476 3398 Handscdr.
492 3366 514 3407 p.
529 3354 578 3396 33³.

260 3408 318 3450 ²De
337 3409 378 3450 hoc
397 3409 472 3450 codice
491 3407 532 3450 cir.
553 3405 662 3449 Stimmen
682 3419 723 3448 aus
742 3405 897 3448 Narin-Laach
915 3403 976 3446 xx11

219 3461 290 3512 (1882)
304 3462 345 3503 254
354 3474 389 3515 sq.

261 3516 269 3542 ³
284 3515 338 3557 Vide
353 3527 422 3568 supra
437 3526 459 3568 p.
474 3514 522 3557 480.

576 3593 617 3635 494
