2146 4194
99 475 369 527 mmm
431 474 463 517 111
481 476 505 516 ¹²
565 475 846 528 mmm

99 619 130 669 ut
143 609 279 669 habeant
289 608 445 685 quidquid
457 608 630 669 voluerint.
655 608 719 670 Sed
734 625 845 685 quam-

99 707 147 767 diu
168 717 260 782 putas
283 706 436 766 durabit?
466 707 550 766 Ecce
571 706 844 784 quemadmodum

99 805 200 865 fumus
228 803 382 865 deficient
410 805 612 866 abundantes
641 805 674 864 in
697 805 845 864 saeculo:

97 913 126 963 et
139 903 225 962 nulla
239 902 301 962 erit
316 901 498 962 recordatio
509 900 758 978 praeteritorum
770 918 845 978 gau·

96 1000 226 1060 diorum.
263 998 327 1059 Sed
350 1009 476 1060 etcum
499 1000 605 1060 adhuc
627 999 757 1060 vivunt:
780 1014 869 1060 nons

95 1099 161 1159 sine
183 1097 398 1158 amaritudine
428 1108 459 1158 et
480 1097 588 1158 taedio
614 1115 651 1158 ac
673 1097 789 1157 timore
812 1098 844 1157 in

95 1196 139 1255 eis
151 1194 334 1272 quiescunt.
364 1195 409 1255 Ex
421 1196 534 1256 eadem
551 1212 691 1272 namque
708 1213 742 1255 re
759 1196 845 1256 unde

92 1294 150 1353 sihi
161 1293 412 1355 delectationem
423 1293 712 1370 concipiunt:inde
724 1293 845 1354 doloris

93 1408 226 1467 poenam
237 1391 427 1468 frequenter
437 1392 608 1469 recipiunt.
626 1393 713 1452 Iuste
725 1391 790 1451 illis
801 1391 846 1467 fit,

93 1498 124 1549 ut
143 1489 219 1565 quia
239 1489 421 1550 inordinate
437 1490 670 1551 delectationes
686 1499 847 1566 quaerunt
858 1505 883 1546 ro

15 1575 17 1594 ¹
92 1597 121 1648 et
151 1597 350 1663 sequuntur:
386 1604 452 1647 non
485 1588 557 1648 sine
589 1588 783 1648 confusione
814 1599 846 1648 et

91 1685 304 1745 amaritudine
318 1701 374 1745 eas
385 1685 545 1762 expleant.
569 1685 706 1762 Oquam
718 1686 846 1761 breves,
922 1688 935 1714 ³

90 1801 184 1860 quam
208 1782 326 1843 falsae:
350 1799 446 1860 quarn
469 1782 672 1843 inordinatae
687 1792 719 1843 et
733 1792 845 1859 turpes

90 1897 204 1941 omnes
219 1890 306 1940 sunt.
335 1881 568 1942 Verumtamen
591 1898 668 1957 prae
690 1879 845 1940 ebrietate

90 1990 120 2040 et
142 1979 298 2040 caecitate
329 1995 395 2039 non
426 1978 636 2054 intellegunt:
668 1977 726 2037 sed
757 1978 847 2038 velut
858 1995 883 2036 rs

90 2078 344 2162 mutaanimalia
358 2086 490 2154 propter
509 2076 673 2137 modicum
690 2075 846 2151 corrupti·

90 2177 163 2236 bilis
178 2176 266 2237 vitae
276 2176 549 2236 delectamentum
566 2182 703 2234 mortem
719 2172 846 2233 animae

91 2273 269 2335 incurrunt.
284 2272 333 2333 Tu
342 2289 418 2350 ergo
429 2272 472 2332 lili
482 2282 555 2349 post
564 2270 846 2348 concupiscentias

90 2381 160 2430 tuas
175 2388 243 2431 non
259 2387 331 2431 eas:
354 2380 386 2430 et
405 2388 423 2430 a
438 2370 604 2430 voluntate
618 2379 673 2430 tua
688 2378 845 2429 avertere.

91 2469 263 2529 Delectar'e
285 2469 318 2529 in
342 2468 499 2529 Domino:
525 2478 557 2528 et
578 2467 665 2526 dabit
686 2466 743 2526 tibi
766 2465 882 2542 peti-ao

90 2565 196 2626 tiones
219 2566 327 2626 cordis
345 2566 401 2626 tui.
432 2565 560 2625 Etenim
576 2564 603 2625 si
620 2563 781 2626 veraciter
795 2564 846 2624 vis

91 2662 241 2724 delectari
265 2674 298 2724 et
319 2663 537 2723 abundantius
558 2678 644 2722 arne
667 2661 846 2736 consolari3

92 2774 167 2820 ecce
188 2761 221 2821 in
238 2769 426 2836 contemptu
444 2759 590 2819 omniurn
606 2758 844 2818 mundanorum

91 2865 121 2915 et
142 2857 175 2917 in
197 2857 384 2918 abscisione
412 2856 558 2916 omnium
584 2855 768 2916 intimarum
791 2855 845 2915 de·

91 2950 298 3016 lectationum
314 2955 376 3014 erit
386 2953 570 3014 benedictio
580 2963 651 3014 tua:
666 2962 699 3013 et
714 2953 882 3029 copiosaas

90 3049 145 3110 tibi
175 3053 329 3114 reddetur
360 3051 549 3112 consolatio.
598 3051 636 3111 Et
664 3060 784 3127 quanto
814 3060 845 3111 te

90 3148 162 3221 plus
190 3151 229 3210 ab
259 3149 347 3210 omni
376 3159 597 3210 creaturarum
625 3147 746 3208 solacio
768 3149 844 3208 sub-

89 3247 242 3307 traxeris:
264 3256 352 3308 tanto
374 3246 408 3306 in
424 3263 476 3306 me
492 3245 662 3306 suaviores
684 3254 716 3305 et
734 3255 845 3321 poten·

90 3339 190 3404 tiores
205 3344 446 3405 consolationes
467 3343 628 3404 invenies
658 3341 722 3402 Sed
741 3343 844 3419 primo

91 3453 157 3498 non
178 3441 249 3502 sine
277 3442 415 3518 quadam
437 3440 567 3502 tristitia
591 3451 623 3500 et
645 3440 754 3501 labore
776 3459 881 3503 cer-ao

91 3537 220 3598 taminis
235 3540 274 3598 ad
290 3540 348 3600 has
366 3539 541 3616 pertinges.
571 3538 718 3600 Obsistet
733 3537 845 3599 inolita

451 3642 488 3684 rer
