2142 4194
188 461 309 512 m&
379 461 418 502 DE
434 459 613 502 ΙΜΠΑΤΙΟΝΕ
628 459 752 502 CHRISTI
822 463 947 514 ww

189 602 316 669 oportet
344 592 484 653 tolerari.
527 593 560 654 Si
583 610 648 653 non
677 604 770 670 potes
791 603 823 655 te
845 597 945 656 talem

190 692 298 751 iacere
314 692 442 768 qualem
458 691 519 766 vis,
534 691 697 767 quomodo
708 693 831 766 poteris
842 692 945 753 alium

189 789 229 849 ad
244 799 336 849 tuum
352 789 472 848 habere
487 787 755 863 beneplacitum?
791 789 946 850 Libenter

189 885 945 963 habemusaliosperiectos:ettamenproprios

166 1000 255 1044 snon
271 984 484 1044 emendamus
499 984 657 1044 deiectus.
679 984 841 1045 Volumus
856 985 945 1061 quod

189 1081 243 1141 alii
274 1081 386 1142 stricte
417 1082 637 1158 corrigantur:
669 1092 701 1142 et
731 1082 793 1157 ipsi
825 1081 944 1158 corrigi

189 1180 352 1240 nolumus,
379 1179 538 1254 Displicet
553 1180 640 1256 larga
649 1179 786 1239 aliorum
798 1179 944 1240 licentia:

189 1287 221 1337 et
236 1286 344 1337 tamen
360 1276 455 1337 nobis
470 1278 624 1338 nolumus
636 1277 746 1354 negari
762 1277 848 1354 quod
863 1277 945 1353 peti-

189 1392 272 1434 mus
304 1373 397 1435 Alios
412 1377 564 1454 restringi
580 1395 639 1453 per
648 1384 767 1437 statuta
776 1376 945 1436 volumus:

156 1481 222 1532 roet
249 1471 312 1547 ipsi
341 1473 527 1535 nullatenus
556 1475 696 1551 patimur
723 1473 862 1549 amplius
891 1490 945 1533 co-

189 1569 305 1629 hiberi.
335 1570 389 1630 Sic
411 1588 488 1647 ergo
510 1580 613 1647 patet:
635 1588 731 1648 quam
747 1587 820 1630 raro
837 1571 945 1647 proxi-

190 1684 278 1727 mum
295 1668 381 1728 sicut
395 1685 455 1728 nos
466 1667 556 1743 ipsos
569 1685 755 1744 pensamus.
782 1668 815 1729 Si
832 1678 946 1730 essent

190 1782 305 1825 omnes
326 1765 480 1842 periecti3
501 1765 579 1841 quid
601 1774 678 1825 tunc
693 1767 889 1828 haberemus
904 1770 945 1829 ab

190 1862 262 1922 aliis
290 1880 348 1939 pro
372 1864 442 1923 Deo
464 1863 556 1939 pati?
599 1863 695 1924 Nunc
721 1875 828 1925 autem
852 1867 945 1927 Deus

156 1961 237 2020 15sic
260 1961 437 2036 ordinavit,
466 1970 500 2020 ut
522 1961 687 2022 discamus
708 1963 789 2023 alter
809 1964 946 2024 alterius

189 2077 289 2120 onera
317 2067 462 2135 portare3
491 2058 567 2133 quia
587 2075 685 2119 nemo
709 2061 781 2122 sine
803 2060 946 2137 deiectu,

189 2173 286 2217 nemo
311 2157 383 2216 sine
408 2173 523 2216 onere:
555 2173 652 2216 nemo
677 2157 738 2217 sibi
763 2157 946 2235 sufficiens

189 2271 286 2314 nemo
305 2254 366 2314 sibi
390 2254 469 2314 satis
491 2255 639 2331 sapiens3
661 2255 720 2324 sed
742 2264 870 2331 oportet
884 2273 947 2316 nos

189 2351 948 2428 invicemportare,invicemconsolari:pariter

154 2449 354 2525 madiuvare‚
369 2449 533 2511 instruere
544 2461 576 2511 et
586 2451 771 2512 admonere.
795 2451 946 2528 Quantae

190 2555 297 2607 autem
313 2547 443 2608 virtutis
454 2549 594 2625 quisque
606 2549 714 2624 fuerit,
729 2549 848 2608 melius
859 2555 948 2625 patet

190 2645 364 2705 occasione
386 2645 602 2707 adversitatis.
638 2646 841 2708 Occasiones
856 2665 947 2708 nam-

190 2761 254 2821 que
276 2743 442 2803 hominem
466 2743 612 2820 fragilem
635 2761 701 2804 non
724 2744 862 2805 faciunt:
887 2746 947 2806 sed

190 2841 296 2918 qualis
318 2841 370 2916 sit,
391 2840 576 2900 ostendunt.

153 3060 181 3101 25
328 3035 386 3095 DE
408 3035 672 3098 MONASTICA
694 3036 806 3098 VITA.

415 3191 620 3240 caprrvnvm
638 3193 719 3241 xvn.

226 3328 272 3408 'js'
313 3327 424 3387 Portet
455 3328 541 3404 quod
573 3327 680 3388 discas
711 3339 743 3389 te
773 3329 881 3405 ipsum
913 3331 946 3391 in

199 3458 212 3479 t
244 3404 301 3475 ’ἕν
332 3425 443 3485 multis
466 3426 632 3502 Frangere:
655 3426 682 3487 si
704 3427 756 3487 vis
778 3445 891 3503 pacem
914 3439 948 3489 et

191 3522 396 3583 concordiam
426 3541 500 3583 cum
530 3511 603 3582 aliis
631 3533 754 3583 tenere.
796 3524 870 3584 Non
896 3535 947 3586 est

553 3627 580 3668 za
