2146 4194
226 441 347 494 (iffi
418 442 457 484 DE
472 442 651 486 ΙΜΙΤΑΤΙΟΝΕ
667 443 791 487 CHRISTI
862 445 982 498 Q&

227 576 382 636 missum:
397 585 430 635 et
444 576 580 636 habebis
594 577 823 638 abundantiam
835 578 980 639 omnium

226 674 385 734 bonorum
415 673 448 733 in
471 675 571 736 caelo,
614 675 647 735 Si
672 675 771 736 nimis
799 674 982 736 inordinate

226 771 288 832 ista
315 771 441 848 appetis
470 773 670 849 praesentia:
700 773 819 850 perdes
850 784 983 835 aeterna

226 879 258 930 et
289 869 451 930 caelestia.
503 870 575 930 Sint
609 871 800 947 temporalia
834 871 868 931 in
904 888 982 931 usu:

205 977 358 1027 saeterna
386 967 419 1027 in
441 967 614 1028 desiderio.
658 968 732 1028 Non
756 980 849 1044 potes
874 969 982 1046 aliquo

225 1066 311 1125 bono
346 1065 516 1141 temporali
552 1065 680 1126 satiari:
716 1066 792 1143 quia
826 1067 865 1126 ad
901 1068 983 1127 baec

227 1163 364 1224 ituenda
385 1180 450 1222 non
473 1180 509 1223 es
532 1173 648 1225 creata.
691 1164 794 1224 Etiam
823 1164 850 1224 si
874 1164 984 1225 omnia

227 1271 334 1322 creata
361 1262 447 1322 bona
476 1261 632 1336 haberes,
662 1279 728 1321 non
760 1279 877 1338 posses
908 1280 983 1323 esse

227 1357 305 1417 lelix
334 1368 366 1419 et
393 1358 503 1434 beata3
531 1358 589 1418 sed
617 1358 650 1418 in
680 1360 751 1419 Deo
782 1359 837 1436 qui
867 1370 984 1421 cuncta

192 1471 217 1513 ro
227 1456 358 1532 creavit,
378 1465 444 1516 tota
458 1455 622 1517 beatitudo
638 1467 692 1517 tua
707 1467 739 1518 et
753 1457 892 1518 felicitas
908 1475 984 1518 con·
1065 1501 1066 1508 κ

227 1554 328 1615 sistit:
357 1571 422 1613 non
451 1553 557 1630 qualis
584 1554 714 1614 videtur
742 1565 774 1615 et
795 1555 985 1616 laudatura

227 1651 336 1712 stultis
351 1650 463 1712 mundi
479 1650 693 1727 amatoribus3
709 1652 767 1711 sed
783 1652 914 1729 qualem
930 1671 984 1714 ex·

227 1757 356 1824 pectant
386 1748 462 1808 boni
495 1749 620 1812 Christi
656 1749 790 1825 tidelm,
825 1760 857 1810 et
892 1768 985 1826 prae·

225 1855 356 1923 gustant
384 1845 547 1907 interdum
577 1846 762 1922 spirituales
791 1865 828 1908 ac
856 1849 985 1909 mundi·
1063 1855 1065 1882 ³

192 1962 217 2003 ιε
227 1944 359 2004 cordes:
381 1960 519 2020 quorum
536 1944 741 2004 conversatio
757 1945 855 2005 estin
874 1946 986 2007 caelis.
1065 2009 1066 2032 χ

226 2043 355 2103 Vanum
388 2052 438 2102 est
469 2050 501 2101 et
535 2041 635 2101 breve
671 2059 768 2102 omne
803 2044 985 2104 humanum

227 2139 394 2200 solacium.
438 2140 575 2199 Beatum
605 2149 638 2200 et
664 2157 779 2200 verum
807 2140 985 2200 solacium:

227 2238 313 2315 quod
344 2237 433 2298 intus
463 2255 482 2296 a
511 2237 647 2297 veritate
680 2237 867 2314 percipitur.
922 2239 986 2298 De·

225 2346 322 2397 votus
350 2338 449 2397 bomo
471 2335 592 2412 ubique
614 2352 727 2396 secum
751 2335 813 2395 iert
836 2336 986 2395 consola-

189 2444 329 2495 notorem
361 2451 457 2494 suum
490 2434 616 2494 lesum:
652 2444 684 2494 et
718 2433 796 2494 dicit
826 2434 866 2494 ad
898 2451 986 2494 eum.

226 2531 349 2593 Adesto
371 2532 451 2592 mihi
475 2531 616 2592 Domine
640 2532 714 2592 lesu
743 2531 777 2591 in
799 2531 889 2592 omni
912 2531 986 2592 loco

227 2639 258 2690 et
286 2639 442 2706 tempore.
486 2630 577 2689 Haec
606 2629 686 2689 mihi
715 2628 758 2689 sit
786 2629 985 2689 consolatio:

226 2728 365 2789 libenter
375 2728 460 2787 velle
471 2743 583 2787 carere
594 2725 682 2786 omni
696 2726 839 2785 humano
850 2725 985 2786 solacio.

227 2826 265 2886 Et
294 2825 321 2886 si
350 2837 405 2886 tua
435 2823 576 2884 deluerit
605 2822 800 2883 consolatio:
832 2823 875 2883 sit
903 2822 985 2883 mihi

190 2934 281 2984 artua
295 2923 446 2984 voluntas
468 2930 500 2981 et
514 2921 599 2980 iusta
617 2919 764 2996 probatio
779 2937 837 2996 pro
853 2936 986 2980 summo

227 3018 357 3080 solacio.
380 3019 455 3078 Non
467 3017 554 3078 enim
565 3017 599 3077 in
610 2997 803 3094 perpetuum
815 3018 986 3079 irasceris:

226 3133 334 3193 neque
356 3116 389 3175 in
411 3124 580 3176 aeternum
604 3115 867 3176 comminaberis.

577 3325 631 3380 82
