2142 4194
93 456 381 512 marmoream>
434 458 524 501 11718
576 458 857 512 munemne

92 609 234 668 parvum
257 592 291 652 in
314 593 523 653 monasteriis
544 594 597 654 vel
626 593 659 653 in
683 610 857 669 congrega-

92 690 188 750 tione
203 689 360 766 habitare,
382 698 414 750 et
435 690 514 751 inibi
538 690 610 750 sine
625 692 760 769 querela
782 708 857 751 con-

93 787 241 848 versari:
264 798 296 849 et
311 805 416 865 usque
438 789 478 849 ad
495 799 633 850 mortem
657 789 764 850 lidclis
786 806 857 864 pcr-

94 903 263 947 severare.
286 888 409 948 Beatus
419 887 475 964 qui
491 887 611 948 ibidem
626 889 710 948 bene
725 885 856 958 vixerit:

94 994 128 1046 et
146 985 289 1045 feliciter
304 985 591 1046 consummaverit.
621 985 655 1047 Si
676 985 727 1045 vis
749 983 881 1045 debitas

95 1093 188 1144 stare
219 1092 251 1144 et
279 1083 455 1160 proficere:
487 1090 601 1142 teneas
631 1093 663 1143 te
691 1092 856 1159 tamquam

96 1182 232 1242 exulem
243 1180 452 1258 peregrinum
463 1197 564 1256 super
573 1189 703 1240 terram.
720 1180 858 1256 Oportet

3 1291 5 1300 ’
96 1287 130 1338 te
154 1278 290 1338 stultum
314 1277 383 1338 fieri
399 1287 532 1354 propter
547 1277 735 1340 Christum:
757 1278 785 1338 si
808 1278 858 1338 vis

97 1374 288 1451 religiosam
311 1375 432 1436 ducere
447 1375 556 1437 vitam.
587 1375 726 1436 Habitus
742 1385 774 1436 et
789 1383 859 1435 ton-

96 1489 180 1532 sura
189 1472 353 1533 modicum
364 1474 505 1534 confert:
517 1474 576 1534 sed
585 1473 719 1534 mutatio
730 1491 857 1534 morum
870 1489 896 1530 ro

96 1581 133 1630 et
156 1570 282 1647 integra
302 1571 508 1632 mortificatio
530 1571 720 1648 passionum
743 1587 857 1630 verum

98 1668 226 1729 iaciunt
257 1669 456 1746 religiosum.
508 1669 574 1746 Qui
610 1668 698 1728 aliud
733 1668 860 1744 quaerit

98 1783 200 1843 quam
229 1784 310 1842 pure
333 1768 458 1842 Deum,
486 1775 518 1826 et
547 1765 674 1826 animae
703 1783 782 1826 suae
811 1783 860 1826 sa·

3 1893 5 1904 ·
99 1864 221 1923 lutem:
252 1880 317 1923 non
347 1863 493 1924 inveniet
523 1862 588 1923 nisi
617 1864 858 1924 tribulationem

99 1969 134 2020 et
157 1960 313 2020 dolorem.
350 1962 425 2021 Non
447 1970 554 2038 potest
576 1960 672 2021 etiam
696 1960 751 2020 diu
773 1970 859 2022 stare
872 1979 896 2020 15

100 2057 274 2134 pacificus:
297 2058 352 2135 qui
375 2077 440 2120 non
463 2059 577 2120 nititur
599 2075 673 2118 esse
693 2059 860 2134 minimus,

100 2164 134 2215 et
163 2154 317 2216 omnibus
346 2158 523 2218 subiectus.
568 2155 619 2216 Ad
648 2156 858 2218 serviendum

100 2253 240 2315 venisti:
256 2271 322 2313 non
337 2254 377 2314 ad
388 2254 577 2330 regendum.
604 2251 655 2313 Ad
670 2254 858 2328 patiendum

102 2361 135 2412 et
157 2352 369 2412 laborandum
392 2351 478 2411 scias
495 2361 527 2411 tc
542 2360 710 2412 vocatum:
732 2369 798 2412 non
820 2353 858 2412 ad

101 2449 269 2510 otiandum
292 2449 344 2510 vel
361 2449 580 2508 fabulandum.
614 2449 677 2509 Hic
692 2467 769 2526 ergo
787 2467 895 2525 pro-20

101 2549 219 2608 bantur
234 2547 403 2608 homines:
426 2547 510 2606 sicut
529 2564 644 2607 aurum
668 2546 700 2606 in
716 2548 859 2608 fornace.

3 2639 5 2650 '
103 2645 166 2706 Hic
181 2662 281 2706 nemo
297 2654 403 2720 potest
418 2654 521 2704 stare:
544 2643 607 2704 nisi
624 2661 663 2704 ex
679 2653 746 2706 toto
762 2646 859 2705 corde

102 2760 139 2802 se
159 2741 302 2803 voluerit
327 2749 458 2817 propter
481 2742 587 2801 Deum
610 2742 794 2803 humiliare.

180 2937 238 2996 DE
261 2936 480 2997 EXEMPLIS
504 2936 780 3000 SANCTORVM

388 3034 579 3095 PATRVM.
868 3058 895 3098 25

323 3191 528 3241 CAPITVLVM
546 3191 640 3247 xvlll,

103 3271 341 3490 ἓΠέΝωετθ
352 3338 538 3388 sanctorum
550 3337 676 3404 patrum
686 3328 794 3388 vivida
806 3346 859 3390 ex-

227 3426 346 3502 empla,
361 3426 394 3486 in
410 3426 529 3503 quibus
544 3443 622 3486 vera
637 3426 795 3502 perfectio
811 3443 860 3486 re-

2 3530 5 3543 ’
106 3522 192 3584 fulsit
203 3533 235 3584 et
251 3523 380 3600 religio:
396 3533 428 3583 et
439 3523 565 3584 videbis
581 3541 677 3600 quam
694 3524 858 3584 modicum

467 3628 495 3668 29
