2146 4194
221 481 343 534 &m
402 474 647 523 ’ΒΕΙΜΙΤΑΤΙΟΝΕ
663 479 786 523 CHRISTI
859 481 980 534 ἵῶἱςὴῖὢ

222 616 423 675 adversetur.
473 614 564 675 Iuvat
592 614 690 691 igitur
717 631 782 674 non
814 613 978 691 quaelibet

222 728 275 771 res
297 711 412 788 adepta
433 711 486 770 vel
501 711 714 788 multiplicata
735 711 898 772 exterius:
920 711 976 771 sed

221 808 329 883 potius
351 817 537 885 contempta
552 819 584 869 et
599 810 709 870 decisa
727 825 767 869 ex
781 809 881 869 corde
897 809 977 869 radi·

221 905 315 966 citus.
353 906 450 983 Quod
472 924 537 967 non
560 917 684 968 tantum
707 907 747 966 de
768 923 871 966 censu
893 906 976 966 aeris

198 1013 253 1065 set
274 1003 460 1064 divitiarum
483 1005 671 1082 intellegas3
700 1006 758 1066 sed
779 1005 820 1065 de
843 1005 976 1066 honoris

190 1144 196 1150 -
222 1101 318 1161 etiam
350 1102 471 1163 ambitu
503 1119 540 1162 ac
569 1120 672 1163 vanae
700 1102 895 1163 laudationis
924 1103 976 1162 de-

221 1199 358 1259 siderio:
370 1217 453 1277 quae
464 1200 574 1260 omnia
583 1211 835 1261 transeuntcum
845 1200 976 1260 mundo.

221 1297 330 1357 Munit
344 1314 458 1373 parum
474 1298 583 1358 locus:
605 1297 633 1357 si
649 1298 742 1358 deest
757 1297 893 1375 spiritus
915 1297 976 1357 fer-

221 1394 319 1454 voris
363 1395 433 1455 Nec
462 1394 516 1455 diu
546 1395 642 1456 stabit
664 1413 725 1472 pax
754 1395 809 1455 illa
830 1395 977 1473 quaesita

187 1512 211 1553 ιο
223 1493 424 1554 forinsecus:
453 1493 480 1553 si
504 1504 597 1554 vacat
618 1511 636 1554 a
657 1511 736 1554 vero
766 1492 977 1552 fundamento

221 1600 324 1651 status
349 1591 466 1651 cordis.
511 1592 583 1651 Hoc
612 1601 662 1652 est
690 1590 754 1651 nisi
783 1590 916 1650 steteris
945 1589 977 1649 in

220 1705 290 1748 me:
319 1699 505 1766 permutare
527 1699 558 1749 te
581 1698 674 1765 potes
696 1688 754 1748 sed
776 1704 842 1747 non
865 1686 979 1747 melio-

221 1803 302 1846 rare.
346 1785 429 1845 Nam
461 1786 635 1846 occasione
666 1796 735 1847 orta
766 1795 798 1846 et
829 1797 979 1863 accepta:

220 1881 372 1942 invenies
394 1883 481 1959 quod
504 1882 614 1959 fugisti
638 1883 841 1960 etamplius.

186 2127 211 2167 15
222 2103 387 2166 ORATIO
405 2103 491 2166 PRO
510 2104 797 2167 PVRGAT10NE
812 2103 979 2166 CORDIS

326 2200 377 2261 ET
400 2199 609 2263 CAELESTI
634 2200 877 2262 SAPIENTIA.

223 2310 486 2532 &Ouium
497 2387 549 2430 me
559 2357 651 2430 Deris
662 2388 721 2449 per
729 2371 864 2448 gratiam
874 2374 980 2433 sancti

351 2467 500 2545 Spiritus.
513 2468 723 2529 Davirtutem
733 2469 936 2530 corroborari
947 2469 982 2528 in
1070 2519 1071 2526 ,

220 2564 367 2625 interiori
383 2566 516 2626 homine
532 2576 564 2626 et
579 2583 760 2626 cormeum
776 2567 815 2627 ab
826 2566 915 2627 omni
933 2567 983 2626 in·

183 2662 290 2723 mutili
307 2663 527 2724 sollicitudine
543 2673 575 2723 et
591 2680 712 2740 angore
728 2680 902 2740 evacuare3
917 2681 983 2723 nec

220 2759 319 2819 variis
349 2760 524 2820 desideriis
552 2761 635 2820 trahi
666 2761 904 2838 cuiuscumque
932 2761 981 2820 rei

220 2856 295 2916 vilis
324 2867 378 2917 aut
407 2857 559 2933 pretiosi:
589 2858 647 2917 sed
676 2859 785 2918 omnia
814 2858 983 2935 inspicere

220 2955 304 3014 sicut
326 2955 538 3030 transeuntia,
561 2965 593 3015 et
614 2971 667 3014 me
682 2955 803 3032 pariter
818 2973 892 3017 cum
913 2955 984 3015 illis
1069 2939 1070 2984 t

219 3051 451 3128 transiturum3
481 3052 557 3128 quia
585 3052 667 3111 nihil
691 3069 889 3128 permanens
917 3055 985 3113 sub

183 3148 305 3210 assole:
322 3149 376 3209 ubi
388 3149 498 3209 omnia
509 3149 635 3208 vanitas
646 3161 679 3209 et
689 3149 822 3210 afflictio
834 3150 986 3226 spiritus.

221 3245 250 3307 Ο
274 3262 369 3322 quam
393 3247 525 3322 sapiens
548 3246 602 3324 qui
626 3246 669 3306 ita
690 3247 886 3308 considerat.
932 3248 987 3308 Da
1068 3259 1069 3282 ¹

221 3343 300 3403 mihi
333 3344 474 3404 Domine
509 3345 684 3404 caelestem
720 3345 913 3421 sapientiam
948 3357 988 3406 ut

221 3441 343 3501 discam
373 3453 405 3502 te
435 3459 535 3519 super
563 3441 672 3501 omnia
696 3458 855 3518 quaerere
878 3452 910 3503 et
935 3443 989 3502 in-

220 3539 352 3614 venire;
381 3556 480 3615 super
502 3539 611 3599 omnia
633 3556 750 3615 sapere
772 3549 804 3599 et
826 3539 989 3615 diligere:

583 3643 621 3683 raa
