2160 4194
226 433 307 488 m
351 433 492 477 LIBELLVS
507 433 691 476 seintrvnus
707 433 858 476 exfincml
902 435 987 487 m

228 583 311 645 quae
333 584 425 627 sacra
447 566 608 628 institutio
630 568 728 629 iubet.
765 567 933 644 Pigritiam
949 567 985 627 in

228 664 390 725 sedendo:
406 674 438 725 et
448 661 613 726 levitatem
628 665 662 726 in
673 666 781 726 eundo
791 666 843 725 vel
856 665 987 740 stando,

229 762 350 839 ubique
365 762 482 824 devita.
514 763 722 839 Modestiam,
740 780 813 823 cum
830 763 987 841 religiosa

229 859 390 920 hilaritate
405 870 500 936 prout
522 861 676 938 religioso
699 861 863 938 congruit:
886 860 986 921 mori·
1068 859 1069 862 ’

206 958 290 1022 sbus
318 957 465 1018 ostende.
511 958 561 1019 Ne
590 969 699 1019 autem
721 956 914 1019 distraharis
945 957 986 1016 ab

229 1055 419 1131 astantibus,
440 1065 495 1117 aut
517 1057 638 1134 aliquid
661 1058 798 1117 confuse
820 1055 864 1115 ibi
888 1072 986 1133 agen·
1068 1099 1069 1102 η

229 1153 315 1214 tibus
337 1153 556 1230 perturberis3
584 1154 712 1231 respice
736 1170 844 1214 coram
875 1162 924 1213 te:
952 1163 987 1213 et
1068 1155 1069 1210 ζ

229 1251 350 1312 divinis
372 1251 420 1311 sic
443 1250 506 1312 fixe
530 1251 664 1312 intende
686 1251 831 1327 arcaniS,
860 1260 985 1311 utnon
1068 1243 1069 1246 ’

229 1348 393 1408 movearis
403 1348 563 1408 diabolico
573 1348 747 1425 instinctu3
762 1349 856 1409 cuius
867 1348 988 1409 astutia

196 1463 220 1503 ro
230 1461 328 1522 saepe
351 1445 501 1506 confusio
524 1445 559 1507 fit
580 1456 612 1507 et
633 1446 721 1507 risus
743 1463 783 1506 ex
812 1445 876 1506 levi
900 1445 986 1506 facto

230 1553 262 1604 et
284 1543 412 1603 modico
440 1545 597 1605 tumultu:
626 1544 713 1621 quod
741 1544 985 1605 lamentandum

173 1689 175 1694 .
230 1650 281 1701 cst
302 1650 335 1701 et
356 1641 553 1702 omnimodis
575 1641 846 1719 praecavendum.

235 1783 236 1786 η
272 1739 308 1797 ln
323 1739 395 1799 loco
411 1749 523 1801 sancto
543 1749 667 1800 temere
683 1738 856 1816 quicquam
873 1754 987 1816 agere:

231 1836 365 1912 impune
386 1853 452 1896 non
475 1837 569 1898 cedit.
603 1837 639 1896 In
661 1836 847 1914 praesentia
869 1836 932 1896 Dei
954 1846 987 1897 et
1068 1871 1069 1904 r

197 1935 420 2011 isangelorum
443 1935 637 2013 frequentia,
659 1935 704 1996 nil
727 1944 856 2012 praeter
877 1933 989 1994 divina
1068 1919 1069 1968 ἶ

231 2031 373 2109 cogitare
401 2031 494 2108 licet;
523 2034 611 2093 nulla
637 2042 768 2093 terrena
788 2041 988 2109 pertractare

232 2131 341 2191 decet:
370 2130 545 2207 praecipue
566 2130 600 2190 in
623 2129 713 2190 horis
736 2139 768 2190 et
790 2128 920 2204 missis,
948 2129 988 2189 ad
1068 2203 1069 2216 χ

232 2229 349 2289 devote
380 2229 563 2288 canendum
595 2238 627 2288 et
662 2227 798 2306 silenter
828 2227 987 2287 orandum

233 2325 405 2402 deputatis.

196 2445 223 2485 20
273 2423 450 2485 Transiens
472 2440 530 2500 per
552 2422 726 2484 ecclesiam
748 2423 800 2483 vel
825 2431 988 2483 coemete-

233 2523 334 2583 rium:
349 2522 522 2583 recordare
537 2522 645 2583 obitus
660 2523 706 2583 tui
723 2522 809 2583 diem
824 2521 882 2582 tibi
899 2521 989 2599 igno-

233 2630 311 2681 tum.
344 2622 474 2681 Intuere
496 2637 627 2697 quoque
649 2621 825 2696 sepulchra
845 2629 988 2680 mortuo·

234 2735 323 2795 rum3
345 2736 428 2796 quos
443 2718 594 2796 sequeris
616 2718 649 2778 in
665 2719 756 2780 brevi
772 2720 872 2779 humo
888 2717 987 2778 simili
1068 2789 1069 2796 ἵ

234 2816 449 2892 operiendus:
479 2825 510 2876 et
539 2814 694 2876 oblivioni
717 2826 881 2894 tamquam
904 2833 989 2876 mor·
1068 2805 1069 2830 *

197 2924 310 2978 zstuus
332 2931 350 2974 a
371 2913 469 2975 corde
492 2913 679 2974 tradendus.
710 2911 811 2974 Terra
832 2931 879 2990 es,
901 2924 934 2975 et
955 2913 989 2974 in
1068 2933 1069 2970 t

234 3026 352 3075 terram
375 3014 454 3074 ibis:
477 3012 646 3074 hominum
662 3011 801 3088 pedibus
816 3028 892 3072 mox
913 3028 990 3071 con·

235 3113 424 3173 culcandus.
466 3112 636 3172 Memento
659 3109 763 3170 ultimi
792 3109 882 3170 finis:
912 3126 990 3171 ecce

142 3217 145 3224 '
235 3220 352 3272 cuncta
366 3212 456 3272 velut
471 3211 585 3271 umbra
600 3207 774 3282 declinant,
796 3206 876 3267 etin
892 3207 991 3268 inter·

235 3308 315 3370 itum
338 3308 469 3368 vadunt.
