2160 4194
226 418 307 472 m
351 419 493 462 LIBELLVS
508 417 693 472 ,srlalrvlllls
709 417 859 464 exercitu
904 420 988 474 w

227 553 313 629 quod
349 570 414 613 non
449 553 526 614 licet
560 553 708 614 habere?
757 553 849 614 Foris
884 571 985 632 saepe

227 650 390 712 hauritur:
412 652 499 712 unde
521 651 657 712 interior
671 652 769 712 homo
784 651 983 729 inquinatur.

228 747 370 809 Difficile
393 759 443 810 est
463 767 518 810 res
539 750 693 827 pulchras
712 749 840 810 videre:
862 760 895 811 et
916 767 983 810 non

226 845 312 906 allici
334 845 426 906 visis.
456 847 564 924 lmago
579 847 682 907 semel
705 846 852 925 inspecta
869 857 901 908 et
915 865 982 909 non

204 944 334 1006 sstatim
365 945 494 1005 evulsa:
530 954 584 1005 aut
614 961 731 1005 noxam
763 955 897 1022 generat
927 957 983 1007 aut

226 1043 327 1103 rixam
357 1043 390 1102 in
420 1042 517 1103 corde
547 1042 677 1103 carnali.
719 1042 770 1103 Ad
799 1043 981 1103 cavendum
1076 1099 1077 1102 ,

226 1158 302 1216 ergo
313 1141 982 1218 laqueosapertosveloccultos:libentius

225 1238 271 1298 sis
294 1238 382 1299 intus
403 1256 499 1316 quam
523 1238 613 1298 loris·

267 1335 409 1396 Rediens
424 1336 533 1413 itaque
549 1336 588 1396 ad
603 1337 719 1397 cellam
734 1337 825 1397 velut
839 1337 878 1396 ad
895 1346 982 1397 tran·

191 1434 393 1511 roquillitatis
415 1444 561 1510 portum:
590 1433 652 1512 lige
675 1434 708 1495 in
730 1450 769 1494 ea
796 1433 982 1495 stabilitatis

224 1548 395 1606 ancoram,
430 1548 490 1607 per
521 1530 702 1592 orationem
735 1530 916 1591 ferventem
949 1542 981 1592 et

224 1628 398 1689 lectionem
427 1629 588 1689 devotam.
638 1628 713 1689 Non
744 1627 832 1688 enim
862 1627 982 1705 patitur

224 1727 305 1786 cella
326 1726 471 1803 tepidum
494 1738 526 1789 et
548 1728 700 1804 otiosum,
722 1727 755 1788 in
777 1744 814 1788 se
836 1727 891 1788 diu
914 1745 982 1788 mo·

223 1824 296 1884 rari.
340 1824 448 1886 Flecte
477 1826 585 1886 statim
606 1841 714 1902 genua
741 1825 793 1885 vel
816 1835 912 1902 caput
933 1825 982 1885 in·

189 1921 308 1982 isclina
323 1931 397 1982 ante
409 1920 629 1983 Crucifixum:
645 1931 677 1982 et
692 1922 796 1983 saluta
806 1922 982 1999 praecipue

224 2021 299 2080 lesu
321 2030 456 2081 matrem
486 2019 650 2080 dominam
673 2029 828 2080 nostram.
872 2020 981 2081 Dicito

223 2126 359 2178 attente:
389 2126 421 2177 et
449 2117 571 2194 replica
599 2134 697 2195 saepe
720 2119 806 2178 hunc
835 2134 981 2179 versum.

224 2215 314 2275 Haec
336 2214 468 2292 requies
490 2232 562 2275 mea
590 2214 624 2275 in
648 2215 816 2275 saeculum
838 2215 980 2275 saeculi:

223 2312 275 2372 hic
291 2312 441 2372 habitabo
457 2312 610 2389 quoniam
626 2312 709 2389 elegi
726 2328 807 2372 eam.
838 2312 980 2373 Domine

186 2410 343 2471 aobonum
367 2420 417 2471 est
438 2426 498 2470 nos
521 2409 574 2469 hic
597 2425 672 2469 esse
687 2425 787 2486 super
800 2409 911 2469 omnia
925 2409 981 2469 de·

222 2507 408 2568 siderabilia
422 2517 545 2568 terrae:
560 2507 653 2567 locus
668 2507 755 2567 enim
771 2506 834 2568 iste
844 2518 981 2568 sanctus

223 2617 281 2667 est.
318 2604 483 2683 Quamdiu
506 2621 582 2680 ergo
605 2603 740 2680 spiritus
761 2614 836 2665 tuos
858 2606 981 2666 rexerit

222 2712 327 2778 artus3
349 2702 392 2762 sit
413 2703 505 2778 cella,
527 2701 742 2779 requietionis
763 2713 838 2763 tuae
861 2703 980 2764 domus

221 2816 258 2859 ac
286 2800 449 2860 tumulus:
478 2800 581 2860 donec
610 2799 667 2860 tibi
696 2799 860 2876 aperiatur
888 2816 980 2877 para·

185 2897 313 2961 asdisus
336 2897 496 2959 caelestis.
540 2897 597 2958 Est
618 2897 706 2957 enim
729 2897 782 2957 via
805 2897 915 2958 brevis
938 2899 980 2959 de

222 2996 303 3055 cella
318 2995 357 3054 ad
373 2997 513 3056 caelum:
528 2995 556 3055 si
573 2995 605 3054 in
621 3012 659 3055 ea
674 2995 827 3056 caelicam
844 2994 980 3055 duxeris

221 3093 329 3153 vitam.

263 3190 389 3250 Deinde
411 3199 524 3265 gestus
543 3199 617 3250 tuos
632 3199 786 3250 retracta:
808 3189 886 3267 quid
901 3207 980 3267 ope·

221 3297 309 3346 ratus
332 3287 378 3346 sis
408 3286 488 3346 loris
510 3296 542 3346 et
564 3288 702 3347 locutus.
746 3287 867 3362 Plange
889 3290 979 3364 quod

185 3395 284 3448 aotam
309 3384 431 3461 fragilis
460 3383 523 3444 sis:
552 3384 639 3461 quod
667 3383 730 3444 levi
760 3385 856 3446 etiam
886 3396 978 3448 motu

222 3482 330 3542 resilis
351 3499 369 3542 a
388 3483 554 3559 proposito
570 3494 692 3545 sancto.
722 3484 810 3562 Quid
832 3484 978 3547 lucratus

578 3587 618 3628 aaa
