2160 4194
232 450 273 503 εἷς
297 449 438 494 LIBELLVS
455 450 493 492 DE
509 449 683 494 DISCIPLINA
698 449 927 494 anvstttnLtvm
949 452 990 505 ἵε.)

234 585 332 662 Quod
360 585 388 646 si
418 601 492 645 cum
522 584 659 646 scientia
689 595 721 645 et
752 585 908 662 dignitate
940 585 989 645 in-

233 684 363 744 venitur
393 682 616 759 oboedientia3
651 683 788 743 multum
820 699 988 744 commen·

233 781 338 842 danda
367 791 417 842 est
447 781 503 841 illa
530 780 654 841 anima:
685 792 717 842 et
743 781 849 858 magni
877 781 987 841 meriti

232 879 319 940 inter
332 888 463 940 sanctos
483 880 670 956 reputando.
707 879 898 955 Exemplum
915 895 989 956 per-

211 976 338 1037 siectae
369 977 596 1038 oboedientiae
626 977 726 1037 claret
756 977 789 1037 in
820 975 986 1037 Abraham
1062 1030 1066 1053 ,

232 1075 429 1152 patriarcha3
452 1075 507 1152 qui
529 1076 733 1137 oboediendo
751 1075 822 1134 Deo
844 1073 925 1133 exiit
947 1074 988 1134 de

232 1185 318 1236 terra
333 1182 365 1234 et
380 1162 573 1250 cognatione
588 1191 647 1234 sua
660 1191 696 1232 ac
707 1173 839 1234 demum
851 1171 987 1231 unicum
1064 1164 1067 1254 I

232 1272 386 1333 dilectum
418 1271 521 1332 filium
553 1271 722 1332 immolare
752 1278 885 1347 paratus
916 1269 988 1328 fuit.
1066 1257 1068 1312 I

234 1369 371 1445 Propter
391 1369 478 1445 quod
501 1369 633 1429 caelesti
649 1385 731 1429 voce
752 1367 902 1428 benedici
921 1385 988 1429 me·

199 1483 224 1524 ιο
233 1465 297 1526 ruit
312 1476 344 1526 et
359 1467 635 1543 patermultarum
645 1465 791 1543 gentium
806 1465 988 1526 nominari:
1068 1473 1069 1486 ¹

232 1575 329 1641 atque
351 1581 410 1641 per
430 1580 527 1624 omne
549 1565 718 1624 saeculum
739 1563 905 1624 honorari.
936 1562 987 1624 Ad

233 1664 316 1722 hooc
338 1677 418 1722 sane
440 1661 667 1722 oboedientiae
691 1661 900 1722 utilissimam
924 1662 989 1723 vir·
1068 1713 1069 1716 ,

232 1769 345 1834 tutem,
366 1759 481 1820 beatus
505 1758 626 1818 Paulus
648 1760 811 1819 hortatur:
836 1758 990 1819 scribens

232 1857 270 1916 ad
288 1857 468 1917 Hebraeos.
495 1855 656 1917 Oboedite
672 1855 777 1932 inquit
790 1856 990 1932 praepositis

199 1954 367 2014 tsvestris:
390 1963 422 2014 et
443 1954 610 2015 subiacete
632 1953 690 2014 eis.
723 1953 787 2030 Ipsi
810 1953 898 2014 enirn
914 1971 990 2031 per·

232 2051 366 2128 vigilant
380 2051 472 2129 quasi
497 2052 655 2112 rationem
672 2051 827 2112 reddituri
843 2068 903 2127 pro
920 2052 990 2112 ani·
1068 2053 1070 2122 j

233 2150 347 2209 mobus
358 2149 490 2211 vestris:
506 2160 541 2211 ut
556 2168 631 2211 cum
645 2150 763 2227 gaudio
778 2152 840 2211 hoc
856 2150 990 2226 iaciant,

232 2257 264 2307 et
286 2264 351 2308 non
372 2259 552 2324 gementes.
584 2249 655 2310 Hoc
670 2249 757 2310 enim
773 2265 839 2309 non
854 2249 990 2324 expedit

231 2345 335 2406 vobis,
365 2347 458 2406 Hanc
479 2357 623 2407 sanctam
647 2345 885 2407 oboedientiam
902 2363 990 2422 quae

194 2443 270 2503 mad
295 2445 432 2504 salutern
456 2445 596 2505 maxime
619 2455 669 2506 est
689 2443 876 2505 necessaria
898 2461 990 2504 com-

231 2542 385 2601 mendant
400 2542 522 2602 veteris
537 2559 574 2602 oc
590 2542 665 2602 novi
676 2540 876 2603 Testamenti
891 2541 991 2618 plura
1070 2503 1071 2596 I

230 2639 434 2700 testimonia:
454 2650 486 2700 et
501 2650 688 2700 sanctorum
704 2637 916 2700 devotissima
933 2656 990 2700 ex·

231 2737 347 2812 empla.
384 2737 477 2797 Hanc
500 2737 589 2813 leges
611 2746 643 2796 et
665 2736 735 2797 iura
749 2735 870 2795 dictant
886 2737 990 2796 maio-

232 2833 322 2893 ribus
333 2843 365 2893 et
375 2833 528 2910 praelatis
538 2833 768 2894 exhibendam:
782 2850 856 2893 cum
868 2833 989 2894 humili

194 2947 221 2988 25
231 2931 435 2992 subiectione
458 2940 490 2992 et
517 2931 711 2992 reverentia.
754 2931 886 3007 Cogitet
908 2948 990 3008 ergo

231 3028 283 3087 cui
312 3044 410 3104 grave
440 3036 491 3088 est
519 3028 673 3089 oboedire
703 3037 736 3088 et
765 3027 819 3105 qui
852 3029 989 3104 saepius

230 3125 345 3185 nititur
375 3142 411 3185 se
440 3143 598 3186 excusare
628 3136 683 3187 aut
714 3126 829 3186 collide
859 3127 900 3186 ab
931 3128 989 3187 ob-

231 3222 394 3282 oedientia
408 3224 601 3284 subtrahere
616 3223 730 3300 quales
747 3222 896 3284 subditos
914 3223 989 3299 ipse

230 3321 330 3380 vellet
352 3321 488 3380 babere:
514 3320 590 3396 quin
612 3321 724 3398 utique
745 3321 850 3381 bonos
872 3330 905 3380 et
927 3323 990 3382 hu·

194 3417 326 3477 aomiles
342 3427 374 3478 et
389 3435 453 3477 non
470 3418 621 3478 rebelles.
652 3418 752 3495 Igitur
773 3418 902 3479 studeat
921 3419 987 3479 iam

230 3531 305 3573 esse
336 3515 410 3574 talis
441 3514 480 3574 ad
511 3531 608 3576 suum
640 3516 838 3592 praelatum:
870 3517 988 3592 quales

587 3619 628 3661 mo
