2160 4194
79 460 841 516 mammam

82 597 196 657 minus
223 596 442 673 ponderantes
469 611 568 672 grave
596 594 751 655 iudicium
779 593 840 654 sibi

81 695 276 756 imminere:
298 693 325 755 si
342 694 526 770 plusquam
543 701 669 768 oportet
684 691 717 752 in
733 690 842 751 causis

81 792 227 870 propriis
249 793 289 853 de
311 802 416 853 semet
437 791 519 868 ipsis
538 790 714 852 confidunt.
744 790 841 867 Quod

82 909 126 952 ex
155 891 296 952 elatione
324 890 432 951 cordis
461 899 493 950 et
520 887 694 966 agitatione
723 886 840 949 diaboli

83 987 248 1064 procedit:
264 987 319 1065 qui
335 986 368 1047 in
384 986 500 1063 spiritu
515 984 674 1062 prolicere
685 992 864 1044 conantess

83 1088 124 1147 ad
141 1085 334 1147 laxationem
346 1083 593 1145 carnistrahere
608 1080 744 1158 quaerit.
767 1081 841 1141 Non

84 1182 174 1243 enim
197 1181 319 1243 suflicit
340 1182 379 1242 ad
401 1197 512 1241 veram
542 1178 685 1239 hominis
707 1195 842 1238 conver·

83 1279 212 1340 sionem
235 1276 413 1339 saecularis
435 1276 564 1337 habitus
585 1275 737 1350 mutatio,
759 1291 842 1352 quae

83 1394 152 1437 una
178 1376 231 1437 die
259 1377 312 1437 vel
341 1376 421 1436 hora
449 1374 519 1435 lieri
549 1384 672 1450 potest;
700 1373 759 1434 sed
787 1372 841 1432 illa

85 1483 137 1536 est
158 1491 236 1534 vera
251 1483 283 1535 et
298 1472 450 1550 religiosa
467 1471 655 1533 conversio:
677 1488 751 1531 cum
768 1469 877 1547 quista

84 1572 288 1634 nititurvitia
302 1589 362 1634 sua
376 1573 520 1648 vincere,
535 1581 567 1632 et
579 1588 696 1648 magno
711 1570 841 1631 lervore

84 1686 145 1746 pro
180 1669 355 1730 virtutibus
385 1670 493 1731 instat.
546 1670 714 1730 Debemus
744 1667 842 1744 igitur

85 1776 241 1844 quantum
265 1767 464 1843 possibilitas
479 1767 618 1828 admittit
638 1783 699 1827 nos
714 1765 769 1844 qui
792 1782 842 1826 re·

85 1864 237 1942 ligiosum
254 1865 398 1926 habitum
413 1866 559 1942 gerimus
574 1882 631 1925 cor
641 1874 790 1926 nostrum
801 1866 840 1924 ab

84 1962 238 2023 omnibus
253 1963 475 2024 materialibus
496 1974 528 2023 et
542 1963 727 2023 visibilibus
742 1964 840 2024 rebus
852 1980 877 2024 ts

84 2068 234 2120 avertere
245 2060 325 2122 etad
336 2060 535 2122 invisibilem
547 2060 725 2121 conditoris
737 2060 839 2121 nostri

85 2155 202 2218 faciem
214 2158 494 2234 contemplandam
506 2158 635 2218 elevare
645 2168 676 2218 et
686 2158 840 2219 anhelare

84 2271 218 2331 semper
237 2255 276 2315 ad
299 2255 469 2332 caelestia;
494 2266 591 2331 atque
612 2272 672 2331 per
693 2255 840 2332 singulos

83 2352 156 2413 dies
170 2351 325 2428 omnique
343 2354 423 2414 hora
437 2353 537 2413 immo
552 2353 673 2414 totiens
687 2352 840 2429 quotiens

84 2449 231 2526 evagatio
242 2451 362 2511 mentis
372 2450 662 2527 acciditprovenia
673 2450 876 2512 humiliterao

83 2547 285 2623 supplicare:
307 2557 434 2608 etcum
457 2549 615 2624 propheta
634 2547 839 2624 gemebunde

83 2645 204 2706 dicere.
217 2645 384 2707 Converte
393 2645 840 2721 nosDeussalutarisnoster‚

83 2753 116 2803 et
137 2751 249 2802 averte
271 2742 351 2803 iram
371 2751 458 2803 tuam
474 2760 492 2803 a
507 2743 611 2803 nobis.
641 2742 781 2819 Quando
796 2742 840 2803 ita

84 2839 224 2900 facimus
256 2840 347 2901 Deus
379 2840 518 2901 libenter
552 2839 689 2916 suscipit
724 2856 839 2915 preces

82 2945 230 3013 nostras3
251 2947 283 2997 et
297 2937 438 3014 gaudent
452 2937 558 3014 angeli
574 2937 676 2997 sancti
699 2937 732 2997 in
748 2937 838 2998 caelo
848 2958 875 3000 25

83 3036 124 3096 de
139 3034 235 3095 nobis
257 3034 333 3112 quia
354 3034 576 3095 convertimur
597 3048 638 3094 ex
658 3034 838 3094 totocorde

82 3135 122 3194 ad
155 3132 333 3193 Dominum
366 3133 472 3192 Deum
504 3142 669 3192 nostrum:
702 3131 757 3208 qui
789 3144 839 3193 est

81 3231 247 3292 beatitudo
270 3229 416 3291 omnium
438 3240 635 3290 sanctorum.
665 3228 730 3290 Sed
747 3237 838 3290 satan

81 3346 100 3389 e
123 3327 286 3390 contrario
309 3337 446 3388 conatur
465 3327 504 3387 ab
524 3327 586 3386 hoc
602 3343 730 3386 summo
753 3327 838 3387 bono

80 3425 269 3502 religiosam
305 3425 446 3485 animam
482 3425 671 3485 abstrahere
709 3431 741 3483 et
780 3439 875 3498 perso

80 3524 231 3587 diversas
252 3522 444 3584 occasiones
462 3531 494 3583 et
515 3520 744 3599 temptationes
765 3537 837 3580 eam

440 3625 482 3668 aaa
