<?xml version="1.0" encoding="UTF-8"?>
<!DOCTYPE html PUBLIC "-//W3C//DTD XHTML 1.0 Transitional//EN"
    "http://www.w3.org/TR/xhtml1/DTD/xhtml1-transitional.dtd">
<html xmlns="http://www.w3.org/1999/xhtml" xml:lang="en" lang="en">
 <head>
  <title>
</title>
<meta http-equiv="Content-Type" content="text/html;charset=utf-8" />
  <meta name='ocr-system' content='tesseract 3.04.00' />
  <meta name='ocr-capabilities' content='ocr_page ocr_carea ocr_par ocr_line ocrx_word'/>
</head>
<body>
  <div class='ocr_page' id='page_1' title='image "./thomaehemerkena03pohlgoog_0364.png"; bbox 0 0 2160 4194; ppageno 0'>
   <div class='ocr_carea' id='block_1_1' title="bbox 97 428 859 484">
    <p class='ocr_par' dir='ltr' id='par_1_1' title="bbox 97 428 859 484">
     <span class='ocr_line' id='line_1_1' title="bbox 97 428 859 484; baseline 0.003 -2"><span class='ocrx_word' id='word_1_1' title='bbox 97 428 859 484; x_wconf 46' lang='lat' dir='ltr'><strong>mwllffldmfflmw</strong></span> 
     </span>
    </p>
   </div>
   <div class='ocr_carea' id='block_1_2' title="bbox 1 561 894 3648">
    <p class='ocr_par' dir='ltr' id='par_1_2' title="bbox 99 561 894 1520">
     <span class='ocr_line' id='line_1_2' title="bbox 99 561 857 626; baseline 0.005 -4"><span class='ocrx_word' id='word_1_2' title='bbox 99 561 297 623; x_wconf 86' lang='lat' dir='ltr'><strong>obdormire.</strong></span> <span class='ocrx_word' id='word_1_3' title='bbox 342 562 487 623; x_wconf 89' lang='lat' dir='ltr'>Verbum</span> <span class='ocrx_word' id='word_1_4' title='bbox 525 563 652 625; x_wconf 89' lang='lat' dir='ltr'><strong>Christi</strong></span> <span class='ocrx_word' id='word_1_5' title='bbox 690 565 723 625; x_wconf 91' lang='lat' dir='ltr'><strong>in</strong></span> <span class='ocrx_word' id='word_1_6' title='bbox 760 582 857 626; x_wconf 91' lang='lat' dir='ltr'><strong>cruce</strong></span> 
     </span>
     <span class='ocr_line' id='line_1_3' title="bbox 100 659 858 736; baseline 0.004 -16"><span class='ocrx_word' id='word_1_7' title='bbox 100 661 216 722; x_wconf 90' lang='lat' dir='ltr'><strong>ultime</strong></span> <span class='ocrx_word' id='word_1_8' title='bbox 238 661 371 736; x_wconf 90' lang='lat' dir='ltr'><strong>dictum,</strong></span> <span class='ocrx_word' id='word_1_9' title='bbox 393 659 426 721; x_wconf 92' lang='lat' dir='ltr'><strong>in</strong></span> <span class='ocrx_word' id='word_1_10' title='bbox 441 661 632 722; x_wconf 81' lang='lat' dir='ltr'>memoriam</span> <span class='ocrx_word' id='word_1_11' title='bbox 648 662 763 723; x_wconf 90' lang='lat' dir='ltr'><strong>mortis</strong></span> <span class='ocrx_word' id='word_1_12' title='bbox 785 662 858 724; x_wconf 90' lang='lat' dir='ltr'><strong>eius</strong></span> 
     </span>
     <span class='ocr_line' id='line_1_4' title="bbox 100 755 857 838; baseline 0.007 -22"><span class='ocrx_word' id='word_1_13' title='bbox 100 767 135 816; x_wconf 90' lang='lat' dir='ltr'><strong>et</strong></span> <span class='ocrx_word' id='word_1_14' title='bbox 156 765 231 816; x_wconf 90' lang='lat' dir='ltr'><strong>tuae</strong></span> <span class='ocrx_word' id='word_1_15' title='bbox 253 755 465 833; x_wconf 84' lang='lat' dir='ltr'><strong>expirationis</strong></span> <span class='ocrx_word' id='word_1_16' title='bbox 493 758 598 820; x_wconf 87' lang='lat' dir='ltr'><strong>tribus</strong></span> <span class='ocrx_word' id='word_1_17' title='bbox 620 759 748 821; x_wconf 87' lang='lat' dir='ltr'><strong>vicibus</strong></span> <span class='ocrx_word' id='word_1_18' title='bbox 770 761 857 838; x_wconf 91' lang='lat' dir='ltr'><strong>lege:</strong></span> 
     </span>
     <span class='ocr_line' id='line_1_5' title="bbox 100 853 859 918; baseline 0.007 -5"><span class='ocrx_word' id='word_1_19' title='bbox 100 871 234 914; x_wconf 93' lang='lat' dir='ltr'><strong>sursum</strong></span> <span class='ocrx_word' id='word_1_20' title='bbox 256 853 295 914; x_wconf 86' lang='lat' dir='ltr'><strong>ad</strong></span> <span class='ocrx_word' id='word_1_21' title='bbox 318 855 444 915; x_wconf 91' lang='lat' dir='ltr'><strong>caelum</strong></span> <span class='ocrx_word' id='word_1_22' title='bbox 460 856 565 916; x_wconf 90' lang='lat' dir='ltr'><strong>oculis</strong></span> <span class='ocrx_word' id='word_1_23' title='bbox 580 856 726 918; x_wconf 87' lang='lat' dir='ltr'><strong>elevatis.</strong></span> <span class='ocrx_word' id='word_1_24' title='bbox 763 857 859 918; x_wconf 88' lang='lat' dir='ltr'><strong>Pater</strong></span> 
     </span>
     <span class='ocr_line' id='line_1_6' title="bbox 100 952 881 1030; baseline 0.006 -19"><span class='ocrx_word' id='word_1_25' title='bbox 100 952 136 1011; x_wconf 91' lang='lat' dir='ltr'><strong>in</strong></span> <span class='ocrx_word' id='word_1_26' title='bbox 147 969 264 1012; x_wconf 85' lang='lat' dir='ltr'><strong>manus</strong></span> <span class='ocrx_word' id='word_1_27' title='bbox 278 961 351 1012; x_wconf 91' lang='lat' dir='ltr'><strong>tuas</strong></span> <span class='ocrx_word' id='word_1_28' title='bbox 362 954 556 1013; x_wconf 89' lang='lat' dir='ltr'><strong>commendo</strong></span> <span class='ocrx_word' id='word_1_29' title='bbox 572 954 722 1030; x_wconf 93' lang='lat' dir='ltr'><strong>spiritum</strong></span> <span class='ocrx_word' id='word_1_30' title='bbox 733 970 881 1016; x_wconf 84' lang='lat' dir='ltr'><strong>meum:⁵</strong></span> 
     </span>
     <span class='ocr_line' id='line_1_7' title="bbox 100 1050 859 1128; baseline 0.004 -19"><span class='ocrx_word' id='word_1_31' title='bbox 100 1050 269 1110; x_wconf 86' lang='lat' dir='ltr'><strong>redemisti</strong></span> <span class='ocrx_word' id='word_1_32' title='bbox 292 1066 345 1110; x_wconf 89' lang='lat' dir='ltr'><strong>me</strong></span> <span class='ocrx_word' id='word_1_33' title='bbox 362 1050 502 1110; x_wconf 87' lang='lat' dir='ltr'><strong>Domine</strong></span> <span class='ocrx_word' id='word_1_34' title='bbox 519 1051 610 1110; x_wconf 88' lang='lat' dir='ltr'><strong>Deus</strong></span> <span class='ocrx_word' id='word_1_35' title='bbox 632 1051 778 1112; x_wconf 85' lang='lat' dir='ltr'><strong>veritatis</strong></span> <span class='ocrx_word' id='word_1_36' title='bbox 800 1069 859 1128; x_wconf 93' lang='lat' dir='ltr'><strong>per</strong></span> 
     </span>
     <span class='ocr_line' id='line_1_8' title="bbox 101 1146 860 1214; baseline 0.011 -8"><span class='ocrx_word' id='word_1_37' title='bbox 101 1146 205 1207; x_wconf 86' lang='lat' dir='ltr'><strong>lilium</strong></span> <span class='ocrx_word' id='word_1_38' title='bbox 227 1157 319 1208; x_wconf 93' lang='lat' dir='ltr'><strong>tuum</strong></span> <span class='ocrx_word' id='word_1_39' title='bbox 343 1146 502 1208; x_wconf 84' lang='lat' dir='ltr'><strong>maximae</strong></span> <span class='ocrx_word' id='word_1_40' title='bbox 525 1147 677 1209; x_wconf 85' lang='lat' dir='ltr'><strong>caritatis.</strong></span> <span class='ocrx_word' id='word_1_41' title='bbox 858 1211 860 1214; x_wconf 84' lang='lat'>.</span> 
     </span>
     <span class='ocr_line' id='line_1_9' title="bbox 144 1247 858 1308; baseline -0.003 0"><span class='ocrx_word' id='word_1_42' title='bbox 144 1247 291 1308; x_wconf 90' lang='lat' dir='ltr'><strong>Honeste</strong></span> <span class='ocrx_word' id='word_1_43' title='bbox 303 1257 334 1308; x_wconf 93' lang='lat' dir='ltr'><strong>et</strong></span> <span class='ocrx_word' id='word_1_44' title='bbox 344 1247 531 1308; x_wconf 89' lang='lat' dir='ltr'><strong>verecunde</strong></span> <span class='ocrx_word' id='word_1_45' title='bbox 542 1248 688 1307; x_wconf 90' lang='lat' dir='ltr'><strong>membra</strong></span> <span class='ocrx_word' id='word_1_46' title='bbox 702 1256 757 1307; x_wconf 91' lang='lat' dir='ltr'><strong>tua</strong></span> <span class='ocrx_word' id='word_1_47' title='bbox 772 1263 858 1306; x_wconf 93' lang='lat' dir='ltr'><strong>com-</strong></span> 
     </span>
     <span class='ocr_line' id='line_1_10' title="bbox 100 1345 858 1422; baseline 0.003 -18"><span class='ocrx_word' id='word_1_48' title='bbox 100 1362 221 1422; x_wconf 89' lang='lat' dir='ltr'><strong>ponas:</strong></span> <span class='ocrx_word' id='word_1_49' title='bbox 249 1345 428 1406; x_wconf 89' lang='lat' dir='ltr'><strong>nuditatem</strong></span> <span class='ocrx_word' id='word_1_50' title='bbox 455 1346 564 1420; x_wconf 87' lang='lat' dir='ltr'><strong>veles,</strong></span> <span class='ocrx_word' id='word_1_51' title='bbox 592 1362 655 1405; x_wconf 92' lang='lat' dir='ltr'><strong>nec</strong></span> <span class='ocrx_word' id='word_1_52' title='bbox 683 1345 797 1405; x_wconf 93' lang='lat' dir='ltr'><strong>crebro</strong></span> <span class='ocrx_word' id='word_1_53' title='bbox 825 1355 858 1406; x_wconf 94' lang='lat' dir='ltr'><strong>te</strong></span> 
     </span>
     <span class='ocr_line' id='line_1_11' title="bbox 100 1442 894 1520; baseline -0.005 -17"><span class='ocrx_word' id='word_1_54' title='bbox 100 1452 227 1518; x_wconf 89' lang='lat' dir='ltr'><strong>vertas;</strong></span> <span class='ocrx_word' id='word_1_55' title='bbox 257 1442 315 1503; x_wconf 90' lang='lat' dir='ltr'><strong>sed</strong></span> <span class='ocrx_word' id='word_1_56' title='bbox 344 1442 454 1520; x_wconf 90' lang='lat' dir='ltr'><strong>quiete</strong></span> <span class='ocrx_word' id='word_1_57' title='bbox 485 1453 518 1504; x_wconf 91' lang='lat' dir='ltr'><strong>et</strong></span> <span class='ocrx_word' id='word_1_58' title='bbox 548 1443 709 1504; x_wconf 89' lang='lat' dir='ltr'><strong>custodite</strong></span> <span class='ocrx_word' id='word_1_59' title='bbox 741 1442 858 1518; x_wconf 90' lang='lat' dir='ltr'><strong>iaceas,</strong></span> <span class='ocrx_word' id='word_1_60' title='bbox 869 1459 894 1499; x_wconf 88' lang='lat' dir='ltr'><strong>ro</strong></span> 
     </span>
    </p>

    <p class='ocr_par' dir='ltr' id='par_1_3' title="bbox 3 1540 893 2106">
     <span class='ocr_line' id='line_1_12' title="bbox 3 1540 857 1618; baseline -0.005 -14"><span class='ocrx_word' id='word_1_61' title='bbox 3 1593 5 1604; x_wconf 79' lang='grc'>,</span> <span class='ocrx_word' id='word_1_62' title='bbox 100 1559 228 1602; x_wconf 92' lang='lat' dir='ltr'><strong>memor</strong></span> <span class='ocrx_word' id='word_1_63' title='bbox 250 1541 376 1603; x_wconf 90' lang='lat' dir='ltr'><strong>Christi</strong></span> <span class='ocrx_word' id='word_1_64' title='bbox 406 1541 439 1602; x_wconf 92' lang='lat' dir='ltr'><strong>in</strong></span> <span class='ocrx_word' id='word_1_65' title='bbox 462 1558 560 1602; x_wconf 93' lang='lat' dir='ltr'><strong>cruce</strong></span> <span class='ocrx_word' id='word_1_66' title='bbox 582 1540 772 1618; x_wconf 90' lang='lat' dir='ltr'><strong>pendentis:</strong></span> <span class='ocrx_word' id='word_1_67' title='bbox 802 1541 857 1618; x_wconf 90' lang='lat' dir='ltr'><strong>qui</strong></span> 
     </span>
     <span class='ocr_line' id='line_1_13' title="bbox 99 1637 858 1715; baseline -0.001 -16"><span class='ocrx_word' id='word_1_68' title='bbox 99 1639 136 1699; x_wconf 92' lang='lat' dir='ltr'><strong>in</strong></span> <span class='ocrx_word' id='word_1_69' title='bbox 165 1639 307 1715; x_wconf 85' lang='lat' dir='ltr'><strong>patibulo</strong></span> <span class='ocrx_word' id='word_1_70' title='bbox 336 1655 402 1698; x_wconf 91' lang='lat' dir='ltr'><strong>non</strong></span> <span class='ocrx_word' id='word_1_71' title='bbox 431 1637 464 1698; x_wconf 95' lang='lat' dir='ltr'><strong>in</strong></span> <span class='ocrx_word' id='word_1_72' title='bbox 487 1638 577 1699; x_wconf 92' lang='lat' dir='ltr'><strong>molli</strong></span> <span class='ocrx_word' id='word_1_73' title='bbox 607 1640 690 1699; x_wconf 91' lang='lat' dir='ltr'><strong>lecto</strong></span> <span class='ocrx_word' id='word_1_74' title='bbox 713 1637 858 1698; x_wconf 93' lang='lat' dir='ltr'><strong>moriens</strong></span> 
     </span>
     <span class='ocr_line' id='line_1_14' title="bbox 99 1735 857 1813; baseline -0.001 -17"><span class='ocrx_word' id='word_1_75' title='bbox 99 1735 306 1797; x_wconf 90' lang='lat' dir='ltr'><strong>obdormivit.</strong></span> <span class='ocrx_word' id='word_1_76' title='bbox 336 1735 370 1796; x_wconf 88' lang='lat' dir='ltr'><strong>Si</strong></span> <span class='ocrx_word' id='word_1_77' title='bbox 387 1752 462 1796; x_wconf 86' lang='lat' dir='ltr'><strong>caro</strong></span> <span class='ocrx_word' id='word_1_78' title='bbox 477 1736 594 1812; x_wconf 88' lang='lat' dir='ltr'><strong>titillat,</strong></span> <span class='ocrx_word' id='word_1_79' title='bbox 611 1737 639 1796; x_wconf 90' lang='lat' dir='ltr'><strong>si</strong></span> <span class='ocrx_word' id='word_1_80' title='bbox 655 1745 737 1796; x_wconf 89' lang='lat' dir='ltr'><strong>tetra</strong></span> <span class='ocrx_word' id='word_1_81' title='bbox 751 1735 857 1813; x_wconf 86' lang='lat' dir='ltr'><strong>imago</strong></span> 
     </span>
     <span class='ocr_line' id='line_1_15' title="bbox 100 1833 857 1910; baseline -0.003 -16"><span class='ocrx_word' id='word_1_82' title='bbox 100 1834 231 1894; x_wconf 89' lang='lat' dir='ltr'><strong>incidit:</strong></span> <span class='ocrx_word' id='word_1_83' title='bbox 254 1833 281 1893; x_wconf 90' lang='lat' dir='ltr'><strong>si</strong></span> <span class='ocrx_word' id='word_1_84' title='bbox 305 1833 441 1910; x_wconf 83' lang='lat' dir='ltr'><strong>quaevis</strong></span> <span class='ocrx_word' id='word_1_85' title='bbox 463 1833 525 1894; x_wconf 86' lang='lat' dir='ltr'><strong>alia</strong></span> <span class='ocrx_word' id='word_1_86' title='bbox 546 1833 656 1909; x_wconf 86' lang='lat' dir='ltr'><strong>passio</strong></span> <span class='ocrx_word' id='word_1_87' title='bbox 671 1843 781 1893; x_wconf 91' lang='lat' dir='ltr'><strong>movet</strong></span> <span class='ocrx_word' id='word_1_88' title='bbox 796 1849 857 1892; x_wconf 93' lang='lat' dir='ltr'><strong>nec</strong></span> 
     </span>
     <span class='ocr_line' id='line_1_16' title="bbox 100 1931 893 2009; baseline -0.001 -18"><span class='ocrx_word' id='word_1_89' title='bbox 100 1931 274 2009; x_wconf 89' lang='lat' dir='ltr'><strong>quiescere</strong></span> <span class='ocrx_word' id='word_1_90' title='bbox 295 1941 327 1992; x_wconf 90' lang='lat' dir='ltr'><strong>te</strong></span> <span class='ocrx_word' id='word_1_91' title='bbox 350 1931 445 2007; x_wconf 90' lang='lat' dir='ltr'><strong>sinit;</strong></span> <span class='ocrx_word' id='word_1_92' title='bbox 466 1931 505 1992; x_wconf 91' lang='lat' dir='ltr'><strong>ad</strong></span> <span class='ocrx_word' id='word_1_93' title='bbox 525 1931 706 1992; x_wconf 90' lang='lat' dir='ltr'><strong>orationem</strong></span> <span class='ocrx_word' id='word_1_94' title='bbox 723 1947 893 1991; x_wconf 85' lang='lat' dir='ltr'><strong>conver-rs</strong></span> 
     </span>
     <span class='ocr_line' id='line_1_17' title="bbox 99 2027 857 2106; baseline -0.003 -17"><span class='ocrx_word' id='word_1_95' title='bbox 99 2039 187 2090; x_wconf 89' lang='lat' dir='ltr'><strong>tere:</strong></span> <span class='ocrx_word' id='word_1_96' title='bbox 209 2028 338 2106; x_wconf 93' lang='lat' dir='ltr'><strong>signum</strong></span> <span class='ocrx_word' id='word_1_97' title='bbox 356 2029 464 2089; x_wconf 91' lang='lat' dir='ltr'><strong>crucis</strong></span> <span class='ocrx_word' id='word_1_98' title='bbox 485 2028 543 2089; x_wconf 92' lang='lat' dir='ltr'><strong>tibi</strong></span> <span class='ocrx_word' id='word_1_99' title='bbox 566 2028 727 2104; x_wconf 91' lang='lat' dir='ltr'><strong>imprime,</strong></span> <span class='ocrx_word' id='word_1_100' title='bbox 750 2027 857 2104; x_wconf 89' lang='lat' dir='ltr'><strong>flagel-</strong></span> 
     </span>
    </p>

    <p class='ocr_par' dir='ltr' id='par_1_4' title="bbox 1 2125 892 3466">
     <span class='ocr_line' id='line_1_18' title="bbox 1 2125 856 2202; baseline -0.001 -15"><span class='ocrx_word' id='word_1_101' title='bbox 1 2171 2 2176; x_wconf 19' lang='grc' dir='ltr'>η</span> <span class='ocrx_word' id='word_1_102' title='bbox 99 2128 179 2202; x_wconf 93' lang='lat' dir='ltr'><strong>lum,</strong></span> <span class='ocrx_word' id='word_1_103' title='bbox 193 2143 347 2187; x_wconf 91' lang='lat' dir='ltr'><strong>coronam</strong></span> <span class='ocrx_word' id='word_1_104' title='bbox 364 2125 522 2201; x_wconf 82' lang='lat' dir='ltr'><strong>spineam,</strong></span> <span class='ocrx_word' id='word_1_105' title='bbox 544 2126 690 2186; x_wconf 89' lang='lat' dir='ltr'><strong>lanceam</strong></span> <span class='ocrx_word' id='word_1_106' title='bbox 705 2142 742 2185; x_wconf 89' lang='lat' dir='ltr'><strong>ac</strong></span> <span class='ocrx_word' id='word_1_107' title='bbox 757 2135 856 2186; x_wconf 84' lang='lat' dir='ltr'><strong>totam</strong></span> 
     </span>
     <span class='ocr_line' id='line_1_19' title="bbox 99 2222 857 2299; baseline -0.003 -15"><span class='ocrx_word' id='word_1_108' title='bbox 99 2233 296 2284; x_wconf 90' lang='lat' dir='ltr'><strong>armaturam</strong></span> <span class='ocrx_word' id='word_1_109' title='bbox 319 2222 465 2284; x_wconf 85' lang='lat' dir='ltr'><strong>crucifixi</strong></span> <span class='ocrx_word' id='word_1_110' title='bbox 488 2239 633 2299; x_wconf 72' lang='lat' dir='ltr'><strong>oppone:</strong></span> <span class='ocrx_word' id='word_1_111' title='bbox 661 2233 736 2283; x_wconf 89' lang='lat' dir='ltr'><strong>ante</strong></span> <span class='ocrx_word' id='word_1_112' title='bbox 763 2223 857 2283; x_wconf 92' lang='lat' dir='ltr'><strong>cuius</strong></span> 
     </span>
     <span class='ocr_line' id='line_1_20' title="bbox 99 2319 856 2396; baseline -0.003 -14"><span class='ocrx_word' id='word_1_113' title='bbox 99 2321 253 2383; x_wconf 88' lang='lat' dir='ltr'><strong>virtutem</strong></span> <span class='ocrx_word' id='word_1_114' title='bbox 264 2337 329 2381; x_wconf 91' lang='lat' dir='ltr'><strong>non</strong></span> <span class='ocrx_word' id='word_1_115' title='bbox 340 2329 447 2395; x_wconf 91' lang='lat' dir='ltr'><strong>potest</strong></span> <span class='ocrx_word' id='word_1_116' title='bbox 462 2319 567 2381; x_wconf 90' lang='lat' dir='ltr'><strong>hostis</strong></span> <span class='ocrx_word' id='word_1_117' title='bbox 578 2330 665 2381; x_wconf 91' lang='lat' dir='ltr'><strong>stare</strong></span> <span class='ocrx_word' id='word_1_118' title='bbox 676 2320 856 2396; x_wconf 91' lang='lat' dir='ltr'><strong>malignus:</strong></span> 
     </span>
     <span class='ocr_line' id='line_1_21' title="bbox 98 2416 892 2494; baseline 0.004 -18"><span class='ocrx_word' id='word_1_119' title='bbox 98 2434 161 2476; x_wconf 92' lang='lat' dir='ltr'><strong>nec</strong></span> <span class='ocrx_word' id='word_1_120' title='bbox 182 2417 404 2492; x_wconf 84' lang='lat' dir='ltr'><strong>temptationis</strong></span> <span class='ocrx_word' id='word_1_121' title='bbox 429 2419 539 2478; x_wconf 90' lang='lat' dir='ltr'><strong>illusio</strong></span> <span class='ocrx_word' id='word_1_122' title='bbox 561 2419 749 2494; x_wconf 89' lang='lat' dir='ltr'><strong>perdurare.</strong></span> <span class='ocrx_word' id='word_1_123' title='bbox 791 2416 892 2479; x_wconf 77' lang='lat' dir='ltr'><strong>Ad-ao</strong></span> 
     </span>
     <span class='ocr_line' id='line_1_22' title="bbox 98 2513 855 2592; baseline -0.001 -18"><span class='ocrx_word' id='word_1_124' title='bbox 98 2514 176 2574; x_wconf 91' lang='lat' dir='ltr'><strong>hibe</strong></span> <span class='ocrx_word' id='word_1_125' title='bbox 197 2531 328 2591; x_wconf 90' lang='lat' dir='ltr'><strong>quoque</strong></span> <span class='ocrx_word' id='word_1_126' title='bbox 350 2514 458 2592; x_wconf 86' lang='lat' dir='ltr'><strong>ignem</strong></span> <span class='ocrx_word' id='word_1_127' title='bbox 481 2525 668 2591; x_wconf 76' lang='lat' dir='ltr'><strong>aeternum:</strong></span> <span class='ocrx_word' id='word_1_128' title='bbox 695 2513 855 2590; x_wconf 90' lang='lat' dir='ltr'><strong>supplicia</strong></span> 
     </span>
     <span class='ocr_line' id='line_1_23' title="bbox 98 2612 856 2690; baseline -0.003 -18"><span class='ocrx_word' id='word_1_129' title='bbox 98 2622 286 2673; x_wconf 90' lang='lat' dir='ltr'><strong>sanctorum</strong></span> <span class='ocrx_word' id='word_1_130' title='bbox 309 2623 507 2690; x_wconf 88' lang='lat' dir='ltr'><strong>martyrum,</strong></span> <span class='ocrx_word' id='word_1_131' title='bbox 528 2612 757 2673; x_wconf 85' lang='lat' dir='ltr'><strong>confessorum</strong></span> <span class='ocrx_word' id='word_1_132' title='bbox 780 2628 856 2671; x_wconf 89' lang='lat' dir='ltr'><strong>con-</strong></span> 
     </span>
     <span class='ocr_line' id='line_1_24' title="bbox 97 2707 856 2788; baseline 0.004 -20"><span class='ocrx_word' id='word_1_133' title='bbox 97 2707 267 2769; x_wconf 89' lang='lat' dir='ltr'><strong>stantiam:</strong></span> <span class='ocrx_word' id='word_1_134' title='bbox 303 2718 335 2769; x_wconf 90' lang='lat' dir='ltr'><strong>et</strong></span> <span class='ocrx_word' id='word_1_135' title='bbox 366 2710 528 2788; x_wconf 91' lang='lat' dir='ltr'><strong>virginum</strong></span> <span class='ocrx_word' id='word_1_136' title='bbox 561 2710 656 2772; x_wconf 85' lang='lat' dir='ltr'><strong>fortia</strong></span> <span class='ocrx_word' id='word_1_137' title='bbox 690 2711 856 2786; x_wconf 89' lang='lat' dir='ltr'><strong>trophaea.</strong></span> 
     </span>
     <span class='ocr_line' id='line_1_25' title="bbox 97 2805 855 2884; baseline 0.001 -19"><span class='ocrx_word' id='word_1_138' title='bbox 97 2805 239 2866; x_wconf 83' lang='lat' dir='ltr'><strong>Attende</strong></span> <span class='ocrx_word' id='word_1_139' title='bbox 255 2807 442 2868; x_wconf 84' lang='lat' dir='ltr'><strong>craticulam</strong></span> <span class='ocrx_word' id='word_1_140' title='bbox 455 2807 637 2884; x_wconf 77' lang='lat' dir='ltr'><strong>Laurentii:</strong></span> <span class='ocrx_word' id='word_1_141' title='bbox 653 2807 757 2868; x_wconf 85' lang='lat' dir='ltr'><strong>fustes</strong></span> <span class='ocrx_word' id='word_1_142' title='bbox 768 2807 855 2867; x_wconf 82' lang='lat' dir='ltr'><strong>illar-</strong></span> 
     </span>
     <span class='ocr_line' id='line_1_26' title="bbox 97 2902 891 2980; baseline 0.003 -16"><span class='ocrx_word' id='word_1_143' title='bbox 97 2902 184 2978; x_wconf 90' lang='lat' dir='ltr'><strong>celli,</strong></span> <span class='ocrx_word' id='word_1_144' title='bbox 199 2906 338 2980; x_wconf 89' lang='lat' dir='ltr'><strong>ungulas</strong></span> <span class='ocrx_word' id='word_1_145' title='bbox 352 2904 534 2966; x_wconf 90' lang='lat' dir='ltr'><strong>Vincentii:</strong></span> <span class='ocrx_word' id='word_1_146' title='bbox 550 2921 668 2980; x_wconf 91' lang='lat' dir='ltr'><strong>vepres</strong></span> <span class='ocrx_word' id='word_1_147' title='bbox 684 2915 716 2965; x_wconf 91' lang='lat' dir='ltr'><strong>et</strong></span> <span class='ocrx_word' id='word_1_148' title='bbox 731 2904 851 2965; x_wconf 88' lang='lat' dir='ltr'><strong>urticas</strong></span> <span class='ocrx_word' id='word_1_149' title='bbox 862 2925 891 2966; x_wconf 84' lang='lat'><strong>25</strong></span> 
     </span>
     <span class='ocr_line' id='line_1_27' title="bbox 97 3001 851 3080; baseline 0.001 -20"><span class='ocrx_word' id='word_1_150' title='bbox 97 3001 280 3076; x_wconf 89' lang='lat' dir='ltr'><strong>Benedicti,</strong></span> <span class='ocrx_word' id='word_1_151' title='bbox 295 3001 442 3063; x_wconf 85' lang='lat' dir='ltr'><strong>flammas</strong></span> <span class='ocrx_word' id='word_1_152' title='bbox 456 3012 587 3063; x_wconf 89' lang='lat' dir='ltr'><strong>sanctae</strong></span> <span class='ocrx_word' id='word_1_153' title='bbox 602 3001 756 3080; x_wconf 77' lang='lat' dir='ltr'><strong>Agnetis:</strong></span> <span class='ocrx_word' id='word_1_154' title='bbox 777 3019 851 3061; x_wconf 88' lang='lat' dir='ltr'><strong>acu·</strong></span> 
     </span>
     <span class='ocr_line' id='line_1_28' title="bbox 94 3097 855 3178; baseline 0 -20"><span class='ocrx_word' id='word_1_155' title='bbox 94 3097 241 3159; x_wconf 79' lang='lat' dir='ltr'><strong>tissimus</strong></span> <span class='ocrx_word' id='word_1_156' title='bbox 252 3100 388 3160; x_wconf 91' lang='lat' dir='ltr'><strong>testulas</strong></span> <span class='ocrx_word' id='word_1_157' title='bbox 398 3097 554 3178; x_wconf 79' lang='lat' dir='ltr'><strong>Agathae,</strong></span> <span class='ocrx_word' id='word_1_158' title='bbox 568 3100 743 3160; x_wconf 88' lang='lat' dir='ltr'><strong>bullientes</strong></span> <span class='ocrx_word' id='word_1_159' title='bbox 754 3115 855 3175; x_wconf 90' lang='lat' dir='ltr'><strong>aquas</strong></span> 
     </span>
     <span class='ocr_line' id='line_1_29' title="bbox 95 3195 854 3272; baseline -0.004 -15"><span class='ocrx_word' id='word_1_160' title='bbox 95 3196 282 3258; x_wconf 87' lang='lat' dir='ltr'><strong>Caeciliae:</strong></span> <span class='ocrx_word' id='word_1_161' title='bbox 318 3198 434 3259; x_wconf 92' lang='lat' dir='ltr'><strong>dentes</strong></span> <span class='ocrx_word' id='word_1_162' title='bbox 469 3198 667 3272; x_wconf 90' lang='lat' dir='ltr'><strong>bestiarum,</strong></span> <span class='ocrx_word' id='word_1_163' title='bbox 702 3195 854 3256; x_wconf 88' lang='lat' dir='ltr'><strong>horridos</strong></span> 
     </span>
     <span class='ocr_line' id='line_1_30' title="bbox 94 3293 853 3368; baseline -0.004 -14"><span class='ocrx_word' id='word_1_164' title='bbox 94 3311 265 3368; x_wconf 90' lang='lat' dir='ltr'><strong>carceres,</strong></span> <span class='ocrx_word' id='word_1_165' title='bbox 293 3312 354 3356; x_wconf 90' lang='lat' dir='ltr'><strong>nec</strong></span> <span class='ocrx_word' id='word_1_166' title='bbox 383 3313 448 3356; x_wconf 92' lang='lat' dir='ltr'><strong>non</strong></span> <span class='ocrx_word' id='word_1_167' title='bbox 477 3297 558 3356; x_wconf 89' lang='lat' dir='ltr'><strong>dura</strong></span> <span class='ocrx_word' id='word_1_168' title='bbox 579 3293 710 3355; x_wconf 87' lang='lat' dir='ltr'><strong>vincula</strong></span> <span class='ocrx_word' id='word_1_169' title='bbox 734 3293 853 3368; x_wconf 92' lang='lat' dir='ltr'><strong>pedum</strong></span> 
     </span>
     <span class='ocr_line' id='line_1_31' title="bbox 94 3390 890 3466; baseline 0.004 -15"><span class='ocrx_word' id='word_1_170' title='bbox 94 3402 295 3453; x_wconf 89' lang='lat' dir='ltr'><strong>sanctorum.</strong></span> <span class='ocrx_word' id='word_1_171' title='bbox 338 3392 392 3453; x_wconf 90' lang='lat' dir='ltr'><strong>Sic</strong></span> <span class='ocrx_word' id='word_1_172' title='bbox 416 3394 487 3453; x_wconf 90' lang='lat' dir='ltr'><strong>Deo</strong></span> <span class='ocrx_word' id='word_1_173' title='bbox 510 3393 658 3466; x_wconf 88' lang='lat' dir='ltr'><strong>iuvante,</strong></span> <span class='ocrx_word' id='word_1_174' title='bbox 685 3399 717 3450; x_wconf 91' lang='lat' dir='ltr'><strong>et</strong></span> <span class='ocrx_word' id='word_1_175' title='bbox 739 3390 801 3449; x_wconf 88' lang='lat' dir='ltr'><strong>ista</strong></span> <span class='ocrx_word' id='word_1_176' title='bbox 822 3399 890 3454; x_wconf 73' lang='lat' dir='ltr'><strong>tero</strong></span> 
     </span>
    </p>

    <p class='ocr_par' dir='ltr' id='par_1_5' title="bbox 1 3488 852 3568">
     <span class='ocr_line' id='line_1_32' title="bbox 1 3488 852 3568; baseline -0.004 -18"><span class='ocrx_word' id='word_1_177' title='bbox 1 3529 3 3562; x_wconf 82' lang='lat'>‚</span> <span class='ocrx_word' id='word_1_178' title='bbox 92 3490 267 3567; x_wconf 86' lang='lat' dir='ltr'><strong>cogitante,</strong></span> <span class='ocrx_word' id='word_1_179' title='bbox 283 3490 390 3566; x_wconf 91' lang='lat' dir='ltr'><strong>ignem</strong></span> <span class='ocrx_word' id='word_1_180' title='bbox 402 3490 476 3568; x_wconf 91' lang='lat' dir='ltr'><strong>igne</strong></span> <span class='ocrx_word' id='word_1_181' title='bbox 487 3490 674 3567; x_wconf 89' lang='lat' dir='ltr'><strong>superabis;</strong></span> <span class='ocrx_word' id='word_1_182' title='bbox 689 3488 852 3549; x_wconf 89' lang='lat' dir='ltr'><strong>diabolum</strong></span> 
     </span>
    </p>

    <p class='ocr_par' dir='ltr' id='par_1_6' title="bbox 133 3593 748 3648">
     <span class='ocr_line' id='line_1_33' title="bbox 133 3593 748 3648; baseline -0.003 -12"><span class='ocrx_word' id='word_1_183' title='bbox 133 3593 385 3648; x_wconf 71' lang='lat' dir='ltr'><strong>rtomaeatwpem.</strong></span> <span class='ocrx_word' id='word_1_184' title='bbox 402 3593 431 3636; x_wconf 90' lang='lat'><strong>11.</strong></span> <span class='ocrx_word' id='word_1_185' title='bbox 457 3595 498 3636; x_wconf 77' lang='lat'><strong>353</strong></span> <span class='ocrx_word' id='word_1_186' title='bbox 720 3593 748 3634; x_wconf 86' lang='grc'><strong>23</strong></span> 
     </span>
    </p>
   </div>
   <div class='ocr_carea' id='block_1_3' title="bbox 0 0 1084 4194">
    <p class='ocr_par' dir='ltr' id='par_1_7' title="bbox 0 0 1084 4194">
     <span class='ocr_line' id='line_1_34' title="bbox 0 0 1084 4194; baseline 0 0"><span class='ocrx_word' id='word_1_187' title='bbox 0 0 1084 4194; x_wconf 95' lang='lat' dir='ltr'><strong> </strong></span> 
     </span>
    </p>
   </div>
  </div>
 </body>
</html>
