2160 4194
221 447 262 500 (ςῖ
287 445 428 490 LIBELLVS
445 446 483 488 DE
500 444 675 489 DISCIPLINA
690 445 920 490 CLAVSTRALIVM
942 445 983 498 [ᾧ

223 597 300 656 ergo
329 579 449 658 ubique
478 597 589 641 serva:
621 589 653 639 et
680 580 743 641 erit
769 579 827 641 tibi
857 598 920 656 pax
949 590 982 641 et

222 677 324 754 gloria
352 695 476 755 magna.
520 677 628 740 Omne
657 679 743 755 quod
772 695 838 738 non
868 679 981 739 decet:

223 776 356 836 studeas
386 793 513 836 cavere.
564 775 729 853 Quicquid
761 776 832 836 Deo
863 778 982 853 placet,

224 873 274 932 lac
292 891 365 934 cum
381 873 562 934 alacritate:
584 889 645 933 nec
660 881 793 949 propter
807 873 980 934 hominum

201 969 981 1048 ⁵displicentiam,infringeordinisdisciplinam.

224 1068 328 1129 Stulte
350 1068 414 1145 agit
436 1069 490 1146 qui
506 1079 619 1130 contra
633 1069 868 1129 conscientiam
887 1069 982 1130 lacit:

223 1175 255 1225 et
267 1166 327 1226 Dei
344 1166 503 1226 offensam
520 1177 652 1243 propter
666 1166 817 1227 hommes
832 1165 982 1228 incurrit.

224 1264 307 1323 Nam
330 1263 385 1340 qui
408 1264 556 1324 ordinem
579 1281 675 1324 suum
690 1281 756 1324 non
774 1274 899 1324 servat:
922 1283 983 1342 per

223 1361 534 1437 praevaricationem
559 1361 641 1438 legis
664 1362 770 1422 Deum
796 1361 982 1424 inhonorat.

191 1475 215 1514 ro
225 1457 259 1519 Si
281 1458 404 1519 videris
432 1459 617 1536 quempiam
646 1459 858 1536 neglegenter
884 1475 983 1536 agen-

224 1564 308 1631 tem,
336 1556 463 1633 corripe
485 1556 577 1616 illum
601 1565 635 1616 ut
657 1556 808 1631 fratrem,
834 1565 866 1616 et
888 1558 982 1616 trahe

224 1653 263 1712 ad
293 1653 572 1729 emendatIonem‚
600 1654 659 1714 sed
687 1653 753 1713 noli
784 1653 876 1729 sequi
906 1653 983 1714 eius

225 1767 387 1826 errorem3
415 1767 476 1810 nec
498 1760 622 1810 tantum
645 1749 760 1827 diligas
782 1760 817 1810 ut
838 1751 871 1811 in
893 1753 983 1811 malo

225 1848 254 1908 ei
284 1849 487 1910 consentias:
525 1865 566 1910 ne
602 1865 676 1909 cum
713 1848 784 1925 ipso
820 1849 916 1908 cadas
949 1859 984 1910 et

191 1962 349 2022 repereas.
392 1945 553 2023 Quisquis
581 1963 640 2022 pro
662 1945 786 2007 ordinis
808 1945 984 2022 disciplina

224 2044 307 2104 zelat
322 2054 354 2104 et
369 2044 509 2104 libenter
520 2061 557 2104 ac
567 2054 730 2121 gratanter
740 2042 984 2104 admonitiones

225 2141 325 2218 capit:
347 2141 523 2218 specialem
541 2141 675 2219 gratiam
692 2158 710 2200 a
725 2141 796 2201 Deo
812 2140 985 2217 obtinebit,

225 2239 300 2299 etin
317 2238 369 2299 die
381 2239 487 2299 exitus
498 2238 548 2299 sui
561 2239 600 2300 de
616 2255 752 2315 corpore
764 2238 802 2298 ab
813 2238 984 2299 auditione

225 2337 309 2396 mala
336 2353 402 2396 non
430 2336 573 2397 timebit:
605 2337 663 2396 sed
692 2337 910 2397 cumelectis
941 2338 984 2398 de

189 2433 370 2510 copraemio
392 2433 512 2493 laboris
534 2433 584 2493 sui
607 2433 759 2510 gaudebit
777 2434 911 2496 Christo
935 2435 984 2495 di·

225 2540 329 2591 cente.
373 2521 462 2608 Euge
484 2547 580 2592 serve
601 2530 703 2607 bone3
725 2531 801 2607 quia
822 2531 855 2591 ln
877 2549 984 2607 pauca

226 2629 315 2689 luisti
348 2629 454 2689 fidelis
486 2627 570 2688 intra
600 2628 633 2688 in
664 2627 816 2704 gaudium
846 2627 982 2688 Domini

225 2726 281 2786 tui.
311 2725 377 2802 Qui
390 2726 568 2802 neglegens
578 2735 628 2785 est
639 2735 671 2785 et
682 2725 860 2786 dissolutus
872 2726 982 2786 Deum

226 2822 362 2883 offendit
390 2833 422 2883 et
450 2822 617 2883 homines:
646 2832 679 2882 et
699 2822 792 2898 peior
818 2833 869 2883 est
890 2839 983 2899 para·

189 2920 325 2998 aslytico
354 2920 481 2980 iacente
510 2919 543 2979 in
565 2920 714 2996 grabato:
742 2920 818 2998 quia
842 2921 904 2981 iste
926 2923 982 2982 de·

227 3017 983 3094 fectumpatituranatura:illevinciturcordis

226 3115 351 3176 inertia.
380 3116 569 3176 Virtuosius
580 3127 630 3176 est
646 3115 817 3192 passiones
832 3116 981 3176 domare:

225 3229 321 3288 quam
345 3212 521 3274 daemones
544 3213 665 3289 fugare.
696 3213 735 3273 Et
750 3212 885 3272 maioris
900 3214 981 3273 cari-

225 3308 300 3369 tatis
331 3319 381 3369 est
408 3311 634 3388 neglegentem
661 3310 853 3371 admonere:
882 3328 980 3387 quam

189 3406 470 3484 aoeleemosynam
498 3407 583 3467 dare.
627 3407 735 3483 Quem
757 3407 865 3467 taedet
887 3424 981 3468 orare

219 3512 258 3562 et
280 3503 418 3563 delectat
441 3503 594 3580 fabulari3
616 3503 721 3581 qualis
744 3504 854 3564 lervor
875 3515 926 3566 est
948 3505 980 3564 in
