2160 4194
97 447 857 504 &mammonamuaesurosataauom

99 580 281 642 amicorum
297 580 448 643 visitatio.
483 583 561 643 Plus
582 594 615 644 te
637 583 857 644 consolabitur

101 677 260 739 Christus
282 677 315 738 in
337 679 485 740 silentio:
513 697 609 757 quam
638 682 733 759 longa
754 681 856 741 homi·

100 792 181 835 num
197 775 376 851 loquacitas
396 776 429 837 in
445 778 595 839 convivio
612 789 643 839 et
660 778 729 839 risu
744 779 856 839 multo.

102 871 211 931 Habet
241 871 347 933 iustus
376 873 541 936 internum
569 875 740 953 gaudium:
770 875 856 952 quod

101 985 169 1029 non
191 969 329 1046 percipit
350 971 500 1032 animalis
522 974 620 1033 homo
643 973 773 1032 inhians
794 983 878 1034 ter-5

102 1063 203 1126 renis.
239 1065 273 1127 Si
303 1079 525 1146 paupertatem
555 1080 587 1130 et
615 1069 856 1146 simplicitatem

102 1162 228 1239 diligis:
252 1163 355 1225 aderit
376 1165 432 1225 tibi
456 1166 645 1243 frequenter
668 1167 760 1227 lesus
782 1184 856 1227 cum

102 1261 229 1338 angelis
261 1263 393 1324 sanctis.
445 1265 483 1326 Et
511 1265 538 1326 si
570 1283 636 1326 non
664 1265 857 1326 manifeste:

12 1421 13 1448 ἶ
102 1371 213 1422 tamen
228 1361 437 1424 invisibiliter
451 1373 483 1423 et
497 1364 624 1424 occulte
638 1363 858 1424 consolabitur

102 1469 136 1519 te
158 1458 191 1518 in
214 1459 395 1536 scripturis.
424 1461 546 1521 Beatus
560 1461 616 1538 qui
638 1461 858 1521 recreationes
870 1482 894 1523 ro

103 1574 182 1617 suas
204 1557 331 1634 quaerit
352 1575 418 1618 non
443 1559 483 1618 ab
505 1558 709 1620 hominibus:
738 1558 795 1618 sed
824 1558 857 1619 in

104 1653 301 1715 lectionibus
322 1656 425 1716 sacris
448 1666 479 1718 et
500 1656 653 1734 precibus
675 1656 802 1717 devotis
818 1657 858 1716 ad

104 1752 189 1812 bene
211 1752 388 1814 vivendum
411 1754 503 1814 etad
532 1754 686 1814 caelestia
706 1754 858 1815 amanda:

105 1849 191 1910 sicut
227 1850 375 1911 lecerunt
410 1851 513 1912 sancti
545 1851 686 1913 visibilia
716 1861 858 1912 contem·

105 1958 233 2008 nentes.
278 1947 395 2024 Qualis
423 1950 651 2027 unusquisque
681 1959 747 2024 est,
778 1950 859 2009 tales
871 1972 896 2012 15

106 2045 204 2106 etiam
235 2045 343 2107 socios
375 2047 494 2125 diligit3
527 2048 665 2109 devotus
695 2047 859 2122 devotum,

105 2144 245 2222 pudicus
255 2145 420 2222 pudicum,
434 2156 567 2207 sanctus
579 2157 742 2206 sanctum:
758 2162 859 2224 vagus

105 2260 235 2320 vagum,
249 2243 430 2305 dissolutus
445 2245 572 2322 quaerit
586 2245 792 2305 dissolutum.
824 2243 858 2304 Si

106 2359 183 2418 ergo
213 2342 381 2402 desideras
409 2360 483 2403 cum
512 2342 634 2404 sanctis
663 2357 799 2419 regnare
826 2340 859 2400 in

106 2439 214 2500 caelo:
241 2449 368 2515 oportet
392 2450 424 2500 te
447 2442 547 2501 multa
568 2440 631 2517 pati
655 2457 713 2516 pro
736 2440 806 2499 Deo
828 2447 896 2500 etro

106 2555 182 2598 cum
213 2538 335 2598 sanctis
364 2539 526 2599 humiliari
557 2539 589 2598 in
619 2537 757 2612 mundo;
785 2535 861 2612 quia

106 2652 221 2711 parum
244 2635 377 2711 prodest
404 2646 535 2696 sanctos
564 2635 658 2696 labiis
682 2635 859 2695 honorare:

107 2743 139 2793 et
149 2732 296 2792 moribus
308 2733 479 2793 contraire.
503 2733 536 2794 Si
548 2733 598 2793 vis
610 2733 680 2792 Deo
692 2742 723 2792 et
738 2731 860 2791 sanctis

107 2832 254 2907 placere:
283 2829 378 2890 doma
399 2847 541 2907 carnem,
564 2831 676 2908 frange
698 2829 859 2907 propriam

107 2930 324 2990 voluntatem:
347 2937 435 2988 certa
450 2939 562 2989 contra
575 2928 663 3003 vitia,
678 2929 787 2988 labora
802 2945 896 3004 prozs

108 3025 294 3101 virtutibus,
315 3025 440 3103 inspice
457 3026 555 3086 vitam
570 3035 768 3101 sanctorum,
789 3026 861 3102 lege

109 3123 288 3186 doctrinam
304 3140 434 3200 eorum3
450 3133 485 3184 ut
500 3141 574 3184 cum
592 3123 713 3184 sanctis
728 3133 861 3183 sanctus

110 3221 167 3282 lias
189 3239 208 3280 a
229 3221 351 3282 sanctis
373 3221 549 3296 erudiaris,
577 3238 635 3298 per
656 3231 787 3281 sanctos
808 3220 861 3280 ad-

110 3319 233 3380 iuveris
247 3337 266 3379 a
281 3320 402 3380 sanctis
419 3318 618 3380 exaudiaris:
641 3335 715 3378 cum
740 3316 862 3377 sanctis

110 3416 288 3478 coroneris,
332 3418 441 3478 Placet
466 3418 514 3478 eis
544 3417 700 3493 frequens
721 3415 898 3493 gemitusao

111 3516 143 3575 in
165 3515 308 3577 caelum:
337 3515 429 3575 dolor
450 3532 508 3593 pro
530 3514 673 3593 peccatis
695 3513 861 3579 silentiam

465 3619 506 3662 ars
