2142 4194
550 468 668 511 Praelatio.

234 603 372 682 signiter
393 601 521 678 probari
544 601 704 677 vidimus,
725 599 870 661 Thomae
894 618 998 678 opera

234 701 343 762 omnia
360 699 582 760 voluminibus
604 709 742 776 septem,
765 698 884 776 quibus
906 709 996 760 octa·

233 815 310 858 vum
333 796 462 857 devita
490 805 522 856 et
552 795 683 872 scriptis
713 795 784 856 eius
809 796 997 874 adderetur,

234 897 277 956 ita
307 895 405 956 edere
433 893 624 969 statuimus,
654 903 688 954 ut
713 893 888 955 Orationes
917 894 996 955 illae

234 992 420 1070 praeposito
428 992 572 1069 generali
581 992 674 1052 titulo
684 992 885 1069 specialique
895 994 996 1069 paulo

234 1101 328 1152 aucto
351 1090 464 1168 quinto
494 1090 566 1149 loco
591 1089 803 1166 interpositae
832 1089 866 1149 in
888 1099 995 1150 totum

234 1204 354 1264 corpus
377 1187 611 1263 reciperentur.
1032 1259 1038 1276 ⁸

275 1286 485 1362 Conspectus
515 1294 624 1345 autem
651 1284 854 1361 singulorum
877 1295 995 1346 tracta-

233 1394 325 1444 tuum
341 1400 399 1459 per
414 1382 582 1443 volumina
596 1381 843 1443 distributorum
860 1383 913 1443 hic
927 1393 993 1444 est:

273 1482 345 1542 Vol.
362 1482 391 1540 l:
416 1481 512 1541 Liber
534 1480 574 1540 de
589 1480 694 1541 tribus
708 1480 936 1541 tabernaculis.
951 1517 993 1524 —

235 1579 284 1638 De
306 1595 385 1638 vera
406 1578 668 1654 compunctione.
690 1616 729 1624 -
752 1578 929 1639 Sermones
946 1579 993 1640 IX

234 1676 272 1735 ad
296 1676 422 1736 iratres.
447 1711 480 1718 --
507 1676 557 1736 De
582 1675 669 1736 lideli
694 1676 929 1752 dispensatore.
951 1711 993 1720 -

234 1773 450 1850 Soliloquium
473 1774 611 1835 animae.

273 1870 345 1930 Vol.
359 1872 398 1946 ll,
414 1870 500 1947 quod
516 1888 556 1931 ex
571 1872 770 1948 autographo
781 1871 992 1933 Bruxellensi

233 1967 356 2028 editum
388 1968 540 2028 manibus
575 1979 687 2029 tenes:
725 1969 774 2028 De
809 1968 992 2030 imitatione
1058 2039 1059 2044 ἵ

234 2064 359 2126 chriso
382 2082 466 2142 quae
482 2065 601 2126 dicitur
622 2065 694 2125 libri
712 2065 783 2125 1111.
798 2101 836 2108 -
854 2067 903 2127 ue
925 2067 991 2127 ors·
1058 2051 1059 2074 ¹

233 2163 352 2239 ciplina
381 2163 613 2223 claustralium.
635 2197 674 2204 —
699 2163 845 2239 Epistula
873 2164 992 2225 devota

232 2260 272 2321 ad
294 2260 456 2337 quendam
473 2262 666 2338 regularem.
683 2294 719 2303 -
736 2261 880 2322 Libellus
895 2262 990 2338 spiri·
1059 2273 1060 2292 ³

232 2358 330 2419 tualis
352 2358 509 2419 exercitii.
534 2393 567 2401 —
594 2359 643 2419 De
666 2359 888 2436 recognitione
916 2377 990 2436 pro·
1059 2403 1060 2406 ,

232 2456 322 2532 priae
343 2455 536 2533 fragilitatis,
558 2491 597 2499 -
621 2458 908 2519 Recommendatio
930 2459 990 2518 hu-

232 2553 449 2614 militatis-
473 2553 522 2613 De
551 2553 744 2614 mortilicata
771 2553 847 2614 vita.
878 2587 911 2595 —
939 2554 990 2614 De
1058 2557 1060 2568 ⁴

231 2652 317 2711 bona
336 2650 472 2727 pacilica
493 2651 568 2712 vita.
586 2684 619 2692 -
639 2651 688 2711 De
704 2652 886 2712 elevatione
899 2668 991 2711 men-

231 2748 283 2808 tis.
301 2783 334 2791 —
357 2748 475 2808 Brevis
497 2749 675 2810 admonitio
698 2747 876 2825 spiritualis
898 2765 991 2810 exer-

233 2846 309 2907 citii.

272 2944 344 3005 Vol.
371 2945 420 3004 ·111
452 2945 594 3021 (praeter
622 2939 797 3007 Orationes‘
829 2963 868 3006 ex
900 2956 989 3007 auto-

231 3044 354 3120 grapho
371 3043 579 3103 Bruxellensi
602 3043 732 3119 alter0):
756 3043 925 3105 Meditatio
948 3044 988 3105 de

231 3141 456 3201 incarnatione
473 3140 609 3202 Christi.
620 3177 658 3184 —
675 3141 853 3203 Sermones
868 3143 909 3203 de
924 3142 991 3203 vita

232 3248 263 3298 et
281 3239 434 3314 passione
452 3239 594 3299 Domini.
611 3275 645 3282 —
663 3238 880 3316 Alphabetum
897 3257 989 3300 mon·

232 3335 314 3395 achi.
342 3371 379 3376 —
402 3336 474 3396 Van
500 3337 626 3414 goeden
654 3339 808 3398 woerden
830 3348 862 3398 to
884 3340 989 3399 horen

233 3432 317 3493 ende
348 3433 400 3493 die
428 3444 462 3494 to
491 3436 634 3511 spreken
664 3435 749 3512 [cum
777 3436 989 3496 translatione

234 3530 346 3591 Latina
361 3549 400 3592 ex
416 3533 554 3594 adverso
572 3533 742 3610 adposita].
760 3569 794 3577 —
812 3533 989 3596 Orationes

584 3637 636 3680 vm
