2160 4194
83 435 362 489 mamm
424 433 497 475 11159
558 430 839 485 mma&

85 583 113 630 te
134 587 235 645 super
258 569 366 629 omnia
395 584 527 644 sperare
550 565 764 626 fortissimum
788 582 839 624 so·

86 666 200 725 lacium
230 682 400 725 servorum
432 674 572 724 tuorum.
622 662 671 723 nd
702 672 735 722 te
763 671 839 721 sunt
927 692 929 696 ·

86 763 167 823 oculi
205 763 287 823 mei:
323 763 356 822 in
392 772 424 822 te
459 760 587 821 conlido
619 761 710 820 Deus
746 776 839 818 meus

87 860 380 921 misericordiarum
394 859 499 919 Pater.
524 856 669 917 Benedic
681 866 712 916 et
723 855 839 917 sancti-

88 957 143 1018 lica
163 957 307 1017 animam
330 972 436 1016 meam
451 953 680 1015 benedictione
696 952 863 1027 caelestis

88 1054 528 1116 utliathabitatiosanctatua
539 1051 677 1113 etsedes
688 1061 841 1111 aeternae

87 1153 205 1230 gloriae
217 1164 308 1229 tuae3
319 1152 467 1229 nihilque
478 1151 510 1210 in
522 1149 643 1225 templo
654 1159 728 1209 tuae
740 1147 841 1224 digni·

89 1252 158 1311 tatis
180 1249 381 1311 inveniatur:
404 1248 490 1326 quod
512 1247 625 1307 oculos
647 1256 722 1306 tuae
744 1246 841 1306 maie-

89 1349 177 1409 statis
200 1347 353 1408 0ffendat.
383 1345 570 1406 Secundum
586 1343 840 1420 magnitudinem

89 1443 239 1504 bonitatis
254 1454 339 1520 tuae,
359 1454 391 1504 et
406 1442 646 1503 multitudinem
662 1440 842 1501 miseratio·
854 1454 878 1495 ro

90 1558 163 1600 num
179 1553 307 1602 tuarum
319 1541 448 1617 respice
463 1541 495 1600 in
511 1556 579 1600 me:
595 1550 626 1599 et
641 1537 756 1598 exaudi
773 1554 842 1597 ora-

90 1638 207 1698 tionem
224 1637 377 1715 pauperis
392 1637 479 1697 servi
503 1637 547 1697 tui
571 1637 666 1712 longe
681 1635 842 1697 exulantis

91 1734 121 1794 in
150 1735 283 1812 regione
312 1734 446 1795 umbrae
475 1734 599 1794 mortis.
645 1733 783 1809 Protege
812 1744 843 1794 et

92 1849 247 1893 conserva
278 1833 417 1892 animam
452 1831 574 1892 servuli
606 1831 651 1892 tui
683 1831 767 1891 inter
797 1839 843 1891 tot

93 1929 277 1990 discrimina
305 1929 390 1991 vitae
419 1929 654 2006 corruptibilis:
684 1946 720 1988 ac
745 1929 879 1988 comi-rs

93 2037 175 2087 tante
196 2027 298 2104 gratia
320 2037 374 2088 tua
395 2027 497 2104 dirige
519 2044 578 2103 per
592 2026 676 2086 viam
700 2025 789 2102 pacis
804 2025 843 2085 ad

93 2125 222 2200 patriam
246 2134 423 2201 perpetuae
444 2123 608 2184 claritatis.
651 2122 767 2183 Amen.
