2146 4194
11 453 30 494 ‘i
72 449 355 502 mmm
417 449 490 492 11116
549 451 830 506 Qum&

74 680 171 740 dibus
200 681 422 757 cogitationes,
466 682 532 758 Ego
560 699 653 742 reum
678 692 709 743 et
738 683 830 743 inno·

74 789 205 838 centem
241 778 409 839 iudicabo:
438 779 506 839 *sed
542 782 670 841 occulto
709 781 829 841 iudicio

11 851 18 1042 Ι
74 885 251 952 utrumque
288 886 363 936 ante
400 876 538 952 probare
572 878 671 939 volui.
727 877 829 939 Testi-

11 1049 12 1058 ἵ
74 973 223 1033 monium
255 973 423 1034 homiuum
456 991 554 1051 saepe
586 975 685 1052 lallit3
720 992 853 1037 meums

11 1061 13 1108 ἓ
74 1070 232 1131 iudicium
255 1088 370 1131 verum
392 1081 458 1132 est:
487 1072 583 1133 stabit
609 1084 640 1134 et
661 1092 727 1135 nou
756 1075 831 1135 sub·

73 1179 230 1230 vertetur.
275 1168 365 1229 Latet
386 1169 580 1247 plerumque
604 1182 636 1232 et
657 1172 770 1248 paucis
791 1172 830 1232 ad

74 1267 205 1344 singula
219 1276 322 1343 patet3
344 1285 521 1346 numquam
544 1279 652 1331 tamen
670 1283 755 1333 errat
770 1290 830 1332 nec

74 1381 185 1424 errare
197 1373 319 1440 potest:
336 1364 431 1425 etiam
448 1366 475 1425 si
487 1367 591 1427 oculis
606 1368 830 1445 insipientium

73 1478 140 1521 non
164 1470 289 1521 rectum
313 1461 469 1523 videatur.
512 1462 562 1524 Ad
584 1482 637 1526 me
661 1483 738 1544 ergo
760 1481 867 1528 cur-ro

73 1559 214 1618 rendum
231 1569 281 1619 est
303 1559 441 1619 inomni
464 1560 600 1622 iudicio:
623 1579 683 1622 nec
701 1563 831 1640 proprio

74 1655 281 1716 innitendum
314 1657 456 1717 arbitrio.
508 1659 618 1719 Iustus
649 1661 736 1720 enirn
766 1678 831 1721 non

74 1755 338 1816 conturbabitur:
370 1756 526 1833 quidquid
556 1759 666 1818 aDeo
696 1760 725 1820 ei
750 1759 832 1819 acci·

75 1852 170 1913 derit.
223 1852 326 1914 Etiam
358 1853 386 1913 si
418 1854 538 1914 iniuste
569 1855 690 1933 aliquid
721 1867 833 1917 contra

74 1967 152 2010 eum
164 1950 324 2027 prolatum
342 1950 457 2012 luerit:
473 1969 538 2011 non
550 1953 687 2013 multum
699 1954 832 2014 curabit.
844 1973 869 2014 ts

76 2047 143 2107 Sed
179 2064 240 2108 nec
271 2066 354 2108 vane
391 2050 563 2110 exultabit:
600 2051 627 2110 si
659 2069 717 2128 per
751 2053 832 2113 alios

75 2145 313 2208 rationabiliter
334 2157 518 2208 excusetur.
551 2149 671 2209 Pensat
693 2166 833 2227 namque

76 2244 154 2320 quia
176 2260 236 2320 ego
265 2261 338 2303 sum
369 2255 518 2305 scrutans
541 2246 638 2306 corda
659 2257 691 2308 et
720 2264 833 2308 renes:

76 2341 132 2418 qui
156 2358 223 2401 non
245 2341 353 2401 iudico
375 2342 556 2402 secundum
583 2343 698 2404 faciem
722 2357 753 2405 et
775 2347 833 2404 hu-

76 2425 208 2498 nianam
223 2439 454 2515 apparentiam.
478 2439 560 2499 Nam
571 2457 669 2518 saepe
685 2442 718 2501 iu
730 2442 870 2503 oculisao

77 2537 162 2610 meis
178 2536 340 2612 reperitur
361 2536 537 2612 culpabile:
560 2539 646 2616 quod
664 2540 832 2599 homiuum

77 2633 201 2693 iudicio
223 2633 366 2694 creditur
387 2635 557 2696 laudabile.
587 2637 727 2697 Domine
743 2639 834 2698 Deus

78 2732 177 2791 iudex
201 2731 286 2791 iuste
313 2732 406 2793 fortis
428 2742 460 2793 et
482 2734 625 2810 patiens,
654 2734 708 2811 qui
732 2734 834 2794 homi-

78 2845 157 2888 num
173 2829 260 2888 nosti
278 2829 482 2906 fragilitatem
498 2841 530 2891 et
540 2831 748 2908 pravitatem3
764 2843 834 2892 esto

78 2929 179 2987 robur
208 2944 317 2988 meum
347 2938 379 2988 et
408 2938 475 2988 tota
504 2927 622 2988 fiducia
650 2945 738 2989 mea:
769 2946 870 2988 non25

79 3024 167 3084 enim
191 3024 271 3084 mihi
299 3024 421 3085 suflicit
447 3025 648 3086 conscientia
669 3043 751 3088 mea.
786 3026 833 3087 Tu

79 3121 165 3182 nosti
182 3122 269 3198 quod
286 3139 344 3198 ego
360 3139 426 3182 non
441 3123 534 3183 novi:
557 3133 588 3183 et
608 3123 681 3183 ideo
697 3124 730 3183 iu
746 3125 834 3184 omni

12 3221 13 3228 ’
80 3219 339 3295 reprehensione
374 3220 547 3280 humiliare
583 3238 635 3280 me
671 3222 767 3282 debui
804 3234 835 3282 et

13 3359 14 3362 η
80 3326 252 3376 mansuete
267 3316 442 3377 sustinere.
463 3316 599 3393 Ignosce
614 3336 744 3396 quoque
755 3319 834 3378 mihi

81 3413 252 3490 propitius,
274 3415 426 3491 quotiens
448 3415 496 3474 sic
519 3432 584 3475 non
607 3416 674 3492 egi:
698 3428 730 3476 et
752 3417 872 3477 donaao

81 3509 199 3571 iterum
235 3512 369 3588 gratiam
406 3513 573 3588 amplioris
613 3512 835 3574 sufferentiae.

437 3617 478 3658 227
688 3617 729 3658 ιε·

11 612 23 850 ξ
74 583 137 641 hoc
159 581 293 642 accidit:
315 591 349 642 ut
371 584 560 644 revelentur
578 601 618 644 ex
633 585 744 646 multis
760 602 829 645 cor·
