2138 4196
75 463 356 518 manasserus
426 462 486 505 ¹112
550 461 831 516 menomenae>

76 598 221 659 omniurn
237 599 486 675 prophetarum3
508 594 584 673 quia
603 606 637 656 tu
653 595 743 656 solus
759 595 831 655 sine

76 697 122 756 eis
137 706 232 773 potes
248 712 301 755 me
316 694 461 772 perfecte
476 694 640 754 imbuere:
661 692 707 753 illi
723 702 831 753 autem

54 791 145 853 'sine
168 804 201 854 te
224 792 305 853 nihil
323 790 503 867 proficient.
534 792 678 851 Possunt
699 790 830 867 quidem

76 892 174 951 verba
189 905 322 950 sonare:
337 889 395 948 sed
411 888 561 966 spiritum
572 906 638 949 non
650 889 832 949 conferunt.

77 987 262 1048 Pulchriter
276 987 403 1048 dicunt:
425 987 484 1047 sed
506 997 538 1048 te
553 996 680 1048 tacente
696 1004 753 1046 cor
767 1004 832 1047 non
855 1005 870 1045 s

76 1085 270 1146 accendunt.¹
309 1084 447 1145 Litteras
468 1085 615 1145 tradunt:
637 1085 695 1144 sed
711 1094 744 1145 tu
760 1101 834 1144 sen·

76 1200 148 1243 sum
171 1182 289 1260 aperis.
332 1182 493 1260 Mysteria
511 1182 697 1259 proferunt:
719 1181 777 1242 sed
799 1191 833 1242 tu

76 1297 205 1341 reseras
221 1280 423 1341 intellectum
439 1279 650 1357 signatorum.
681 1280 835 1341 Mandata

76 1377 224 1438 edicunt:
253 1378 311 1437 sed
340 1389 375 1439 tu
405 1378 498 1438 iuvas
526 1379 565 1438 ad
588 1378 834 1456 perficiendum.

77 1475 170 1536 Viam
187 1475 380 1536 ostendunt:
402 1477 460 1536 sed
482 1486 516 1536 tu
535 1476 699 1536 confortas
714 1477 754 1536 ad
769 1493 834 1535 am·
845 1494 870 1536 ro

75 1572 264 1633 bulandum.
307 1573 356 1632 llli
381 1573 460 1634 loris
487 1583 610 1634 tantum
633 1583 747 1651 agunt:
775 1574 834 1634 sed

75 1681 109 1732 tu
138 1671 237 1731 corda
266 1669 402 1731 instruis
430 1680 462 1732 et
491 1671 666 1731 illuminas.
709 1670 758 1730 llli
781 1687 835 1730 ex·

74 1769 179 1829 terius
201 1769 322 1846 rigant:
344 1769 402 1828 sed
423 1778 458 1828 tu
475 1768 707 1829 secunditatem
723 1769 834 1828 donas.

77 1867 127 1927 llli
159 1868 300 1928 clamant
329 1866 455 1927 verbis:
486 1866 545 1926 sed
573 1875 608 1927 tu
636 1865 759 1926 auditui
786 1866 835 1926 in-

76 1964 298 2041 tellegentiam
320 1964 446 2025 tribuis.
490 1964 565 2025 Non
588 1981 664 2041 ergo
686 1964 872 2041 loquaturrs

76 2062 157 2123 mihi
184 2062 320 2139 Moyses
341 2063 399 2122 sed
421 2073 455 2123 tu
473 2062 613 2123 Domine
629 2063 720 2122 Deus
742 2078 835 2121 meus

76 2171 211 2221 aeterna
233 2159 370 2220 veritas:
399 2177 441 2220 ne
464 2160 547 2220 forte
569 2160 689 2221 moriar
711 2170 742 2221 et
763 2160 835 2220 sine

77 2259 187 2318 iruetu
210 2257 336 2317 efficiar
362 2259 390 2317 si
417 2258 509 2318 fuero
532 2268 655 2319 tantum
681 2259 761 2319 ioris
783 2257 836 2318 ad·

76 2354 224 2415 monitus
253 2364 285 2414 et
312 2353 400 2414 intus
429 2371 495 2414 non
519 2371 696 2431 accensus3
724 2373 766 2415 ne
794 2356 836 2416 sit

77 2452 158 2513 mihi
175 2453 215 2512 ad
237 2451 393 2512 iudicium
409 2453 545 2512 verbum
563 2453 707 2514 auditum
724 2463 756 2513 et
771 2470 872 2513 nonno

77 2552 211 2625 iactum,
234 2549 398 2626 cognitum
420 2567 481 2610 nec
497 2560 655 2612 amatumt
677 2550 835 2611 creditum

76 2660 109 2710 et
126 2664 194 2708 non
210 2656 387 2707 servatum.
413 2647 561 2724 Loquere
583 2648 681 2725 igitur
697 2647 837 2708 Domine

76 2747 153 2823 quia
175 2744 266 2805 audit
287 2761 405 2805 servus
420 2755 513 2806 tuus:
534 2746 634 2805 verba
648 2745 736 2806 enim
752 2745 837 2806 vitae

75 2854 231 2904 aeternae
247 2841 359 2903 habes.
385 2843 533 2920 Loquere
549 2843 628 2903 mihi
644 2843 683 2903 ad
694 2843 837 2919 qualem·

76 2957 221 3017 cumque
250 2939 378 3000 animae
408 2956 501 3000 meae
527 2939 782 3000 consolationem
806 2949 873 3001 etas

77 3040 116 3100 ad
138 3038 241 3100 totius
263 3039 349 3098 vitae
365 3053 457 3098 meae
479 3037 758 3097 emendationem:
780 3037 836 3097 tibi

77 3147 185 3198 autem
203 3137 243 3196 ad
259 3137 388 3196 laudem
404 3146 437 3196 et
446 3135 581 3212 gloriam
598 3145 629 3196 et
644 3145 836 3211 perpetuum

78 3236 249 3296 honorem.

434 3345 488 3402 22

108 3631 201 3674 Thomas
211 3643 225 3672 a
236 3631 263 3673 K.
274 3629 359 3682 opera.
376 3627 406 3671 ll.
439 3628 477 3670 145
