2160 4194
81 448 403 502 fflffifflffi
450 451 475 492 ¹³
519 449 839 502 fflffifflfflffl

83 581 258 658 impendit:
294 583 380 658 quod
411 583 521 643 nullus
556 583 744 660 angelorum
776 601 838 643 nec

83 678 202 756 aliquis
224 689 410 740 sanctorum
435 679 528 756 iecit3
550 689 585 740 ut
602 680 717 740 merito
739 698 839 757 super

83 777 195 838 omnia
203 777 388 855 diligendus
403 777 446 838 sit
460 788 492 838 et
507 778 579 839 sine
595 778 839 839 intermissione

85 875 297 935 recolendus:
314 892 351 935 ac
366 892 495 935 summo
511 893 585 937 cum
602 877 726 937 honore
742 893 839 937 verre·

84 973 216 1033 randus.
260 973 349 1033 istud
371 974 464 1034 beato
489 974 589 1034 Paulo
612 974 718 1050 sapuit
740 991 861 1050 supers

84 1087 216 1131 omnem
246 1071 437 1148 sapientiam
468 1081 499 1132 et
527 1072 722 1133 doctrinam:
754 1072 839 1149 cogi·

84 1179 152 1229 tare
184 1167 311 1229 scilicet
342 1169 451 1229 Iesum
483 1169 653 1231 Christum
690 1181 721 1231 et
752 1171 839 1230 hunc

84 1265 288 1326 crucifixum.
318 1266 356 1326 Et
377 1266 405 1326 si
427 1265 489 1326 alia
511 1267 612 1327 multa
633 1277 768 1328 noverat
787 1267 838 1327 vel

13 1430 14 1445 χ
85 1365 225 1440 legerat3
245 1363 291 1424 nil
313 1373 422 1424 tamen
437 1382 476 1424 ea
490 1364 683 1441 aestimavit,
704 1366 745 1425 ob
761 1365 839 1426 emi·

13 1447 14 1454 ἵ
84 1460 230 1521 nentiam
266 1461 429 1536 passionis
461 1471 492 1522 et
522 1462 665 1524 caritatis
696 1462 876 1525 christino

85 1575 170 1636 quae
199 1567 286 1618 tanta
316 1569 366 1619 est
388 1560 533 1620 utnulla
561 1570 708 1622 creatura
736 1561 840 1636 possit

85 1657 183 1734 digne
200 1657 271 1716 Deo
288 1674 347 1732 pro
363 1656 498 1718 minimo
521 1667 641 1733 puncto
663 1657 839 1735 regratiari.

87 1754 231 1830 ideoque
246 1753 398 1814 omnibus
413 1755 603 1830 postpositis
618 1756 716 1815 rebus
727 1754 839 1815 mundi

86 1863 118 1914 et
147 1851 291 1912 subactis
320 1850 427 1911 carnis
456 1852 682 1927 passionibus:
714 1852 841 1912 dicebat

85 1952 173 2012 idem
189 1951 260 2011 Deo
275 1949 339 2010 iam
355 1950 482 2025 plenus.
517 1950 599 2010 Mihi
616 1944 728 2009 vivere
744 1948 840 2009 Chri·
852 1970 876 2012 rs

85 2059 156 2109 stus
188 2057 239 2108 est
269 2056 301 2108 et
329 2047 411 2108 mori
441 2048 578 2108 lucrum.
627 2046 656 2108 Ο
686 2046 780 2106 dulce
809 2055 840 2106 et

85 2148 229 2207 salutare
244 2146 392 2221 verbum,
413 2163 590 2223 numquam
606 2144 761 2204 oblivioni
780 2154 841 2204 tra·

85 2244 239 2306 dendum.
283 2243 389 2320 Quam
423 2243 500 2304 ielix
531 2252 563 2303 et
593 2251 704 2302 sancta
734 2241 841 2301 anima

85 2361 170 2421 quae
201 2345 264 2403 hoc
295 2342 404 2403 dicere
436 2350 560 2417 potest:
597 2339 648 2400 cui
685 2338 840 2399 Christus

85 2451 188 2502 totum
213 2449 264 2500 est
285 2439 440 2517 quicquid
458 2439 549 2514 vivit,
571 2437 725 2515 quicquid
747 2437 877 2513 sapit‚ao

85 2538 242 2616 quicquid
267 2537 344 2614 legit
366 2537 520 2614 quicquid
551 2535 724 2612 intellegit3
752 2535 840 2611 quic-

85 2636 164 2714 quid
196 2635 316 2710 credit,
347 2635 502 2712 quicquid
530 2645 655 2710 sperat,
686 2633 841 2710 quicquid

85 2745 188 2796 amat:
205 2733 359 2811 quicquid
375 2733 504 2811 cogitat,
519 2732 673 2811 quicquid
688 2731 842 2807 loquitur,

86 2831 243 2910 quicquid
274 2831 349 2892 boni
381 2841 543 2908 operatur.
587 2830 673 2889 Vere
702 2828 782 2889 vivit
810 2839 842 2889 et

86 2933 182 2991 beate
203 2928 299 2990 vivit:
328 2929 379 2989 cui
408 2927 564 2991 Christus
592 2937 643 2988 est
671 2926 780 2987 omnia
808 2926 878 2989 inas

86 3028 241 3090 omnibus
262 3036 295 3087 et
316 3044 415 3103 super
437 3026 546 3086 omnia
567 3024 775 3102 singulariter
796 3023 841 3083 di-

86 3129 210 3201 lectus3
241 3125 296 3202 qui
325 3125 428 3202 magis
456 3124 488 3184 in
519 3123 653 3186 Christo
683 3138 778 3199 quam
808 3121 840 3180 in

87 3241 124 3284 se
147 3223 219 3299 ipso
242 3231 366 3282 manet:
396 3221 476 3282 nihii
498 3221 540 3280 de
561 3237 598 3280 se
620 3219 691 3295 ipso
716 3228 842 3294 tenens,

87 3321 147 3382 sed
169 3320 203 3381 in
221 3319 356 3382 Christo
379 3319 518 3380 dulciter
539 3336 575 3378 ac
599 3316 730 3378 iruitive
752 3316 841 3392 quie-

87 3435 196 3480 scens,
233 3413 287 3479 Sic
302 3417 414 3478 vivere
437 3427 487 3477 est
502 3416 637 3478 Christo
660 3415 788 3475 vivere:
810 3426 878 3480 etao

88 3520 151 3577 hoc
173 3526 224 3577 est
252 3514 313 3575 sibi
343 3514 405 3591 ipsi
428 3514 509 3575 mori
533 3524 564 3574 et
586 3531 604 3573 a
632 3530 668 3573 se
695 3512 766 3589 ipso
788 3512 842 3572 de-

446 3619 483 3662 srr
578 3641 582 3650 ,
