2160 4194
229 455 270 506 &¹
295 451 436 495 LIBELLVS
452 452 490 494 DE
507 451 681 495 DISCIPLINA
696 449 927 493 CLAVSTIIALIVIII
949 450 993 502 A&

360 646 407 705 De
428 645 622 706 abstinentia
643 649 676 705 et
695 645 853 706 castitate.

469 818 674 868 CAPITVLVNI
692 818 747 868 XII.

229 913 461 1135 &obrius
477 973 583 1033 victus
605 984 638 1034 et
655 983 767 1049 potus:
789 971 912 1032 sanitas
935 981 989 1031 est

358 1071 485 1132 animae
501 1081 532 1132 et
547 1070 703 1147 corporis.
727 1069 840 1146 Inopia
854 1085 987 1129 rerum:

206 1177 452 1244 spaupertatem
475 1168 569 1229 docet
593 1185 713 1229 amare.
757 1168 840 1227 Rara
862 1166 988 1226 virtus:
1078 1190 1080 1209 ι

229 1265 429 1326 continentia
451 1266 484 1326 in
507 1265 644 1326 deliciis.
674 1264 882 1325 Abundantia
903 1274 987 1323 tem-

228 1363 387 1440 poralium
403 1365 531 1424 occasio
547 1375 597 1426 est
613 1364 809 1442 iurgiorum:
832 1373 863 1423 et
878 1372 986 1422 mater
1078 1358 1079 1361 ’

165 1527 166 1530 ¹
229 1461 392 1521 vitiorum.
429 1459 543 1522 Tutior
565 1471 615 1521 est
637 1461 768 1522 castitas
791 1461 823 1521 in
846 1476 986 1537 pauper·
1072 1486 1078 1528 τ

227 1568 308 1618 tate:
331 1576 427 1636 quam
448 1559 480 1618 in
497 1559 619 1620 divitiis
634 1559 755 1620 multis.
791 1557 986 1634 Corporalis
1077 1611 1078 1644 3

194 1676 219 1716 ιο
228 1666 370 1734 egestas:
381 1656 544 1717 medicina
555 1667 605 1717 est
615 1657 742 1717 animae
752 1657 867 1717 lidelis.
880 1656 988 1716 Dolor

227 1754 335 1815 cordis
346 1754 497 1830 prohibet
507 1753 624 1814 risum:
639 1765 672 1814 et
682 1754 779 1814 timor
794 1753 855 1814 Dei
867 1753 986 1812 oculos

228 1852 347 1912 claudit
369 1852 562 1928 petulantes,
592 1851 683 1913 Sicut
698 1861 794 1911 nocet
808 1851 900 1910 visus
922 1849 986 1910 im-

227 1949 381 2025 pudicus:
397 1949 440 2010 ita
451 1949 585 2026 Impedit
595 1949 725 2010 auditus
735 1949 775 2009 de
786 1948 985 2009 inhonestis

228 2047 420 2108 Cavendum
437 2058 487 2108 est
497 2048 624 2108 animae
640 2058 771 2108 sanctae
782 2047 822 2107 de
834 2045 986 2121 corporis

193 2166 217 2205 15
227 2144 515 2221 propinquatione:
535 2145 612 2222 quia
627 2163 702 2206 caro
718 2145 781 2205 cito
796 2143 897 2204 allicit
912 2160 984 2203 car-

226 2259 312 2302 nem.
336 2242 480 2319 Diligere
495 2244 630 2319 pulchra
646 2253 677 2303 et
692 2252 844 2319 appetere
856 2241 984 2302 mollia:

187 2365 189 2370 ·
226 2356 291 2399 non
307 2349 357 2399 est
372 2357 429 2416 pro
446 2340 565 2401 virtute
587 2339 752 2400 castitatis.
784 2339 850 2416 Qui
871 2349 983 2400 autem

225 2438 350 2498 abiecta
361 2447 392 2497 et
402 2455 510 2498 amara
522 2437 728 2514 amplectitur
738 2447 871 2514 propter
886 2437 984 2497 casti-

224 2544 342 2595 tatem:
374 2545 481 2612 potest
513 2535 641 2595 facilius
672 2535 805 2596 vincere
837 2552 983 2596 carnem.

189 2632 357 2709 onuanto
380 2633 467 2694 enim
491 2649 565 2692 caro
588 2635 662 2708 plus
687 2632 862 2708 premitur:
891 2643 983 2693 tanto

225 2730 359 2806 spiritus
391 2732 464 2806 plus
496 2731 651 2791 elevatur.
696 2730 761 2807 Qui
785 2748 821 2791 se
850 2731 984 2808 elongat

225 2829 263 2888 ab
279 2829 367 2889 omni
380 2839 465 2889 tactu
477 2828 641 2905 corporis:
656 2827 814 2905 percipiet
827 2828 983 2889 inanima

225 2925 417 2986 suavitatem
441 2925 607 2986 castitatis.
651 2925 716 3002 Qui
739 2925 843 3003 diligit
867 2927 983 2988 solitu-

225 3023 351 3083 dinem:
373 3024 486 3100 purior
501 3023 562 3083 erit
577 3041 595 3082 a
615 3023 712 3084 sorde
728 3023 982 3084 mundanorum.

187 3143 215 3183 25
225 3121 290 3198 Qui
313 3131 439 3198 reputat
461 3138 579 3198 corpus
601 3138 697 3181 suum
717 3137 886 3181 carcerem
904 3138 982 3182 esse

223 3218 367 3294 anImae3
398 3237 464 3280 non
495 3219 622 3279 curabit
657 3219 736 3279 illud
768 3235 886 3278 ornare
917 3237 981 3280 nec

224 3327 404 3377 ostentare:
427 3317 503 3394 quia
519 3317 583 3377 cito
599 3325 809 3377 convertetur
824 3316 857 3377 in
873 3317 979 3377 lutum

223 3425 255 3474 et
294 3415 462 3475 foetorem.
519 3413 687 3474 Exteriora
722 3413 866 3473 hominis
903 3432 981 3475 con-

223 3512 385 3586 siderare,
416 3522 448 3572 et
477 3511 509 3571 In
539 3497 781 3587 pulchritudIne
806 3512 858 3572 vel
890 3512 981 3572 lorti-

579 3616 619 3656 aaa
