2146 4194
397 515 511 559 1115152
551 513 832 568 &imm

73 667 159 710 onus
189 650 408 726 corruptibilis
436 649 522 710 vitae
551 649 778 710 etiam'invite
800 657 832 708 et

73 765 150 808 cum
179 749 285 809 taedio
314 759 452 824 portare.
501 747 667 824 Quamdiu
697 747 832 807 mortale
882 781 885 788 ·

72 863 196 922 corpus
206 845 309 922 geris:
324 846 466 906 taedium
478 845 602 905 senties
615 854 647 905 et
656 861 831 922 gravamen

72 943 194 1004 cordis.
237 943 374 1020 Oportet
396 959 473 1019 ergo
496 958 595 1018 saepe
616 941 650 1002 in
672 959 770 1002 earne
791 943 832 1002 de

73 1041 184 1101 carnis
206 1058 305 1101 onere
327 1056 475 1118 gemere:
498 1040 639 1116 eoquod
655 1057 720 1100 non
742 1023 855 1101 vales?

73 1139 300 1216 spiritualibus
327 1135 444 1198 studiis
471 1146 503 1196 et
531 1135 661 1197 divinae
690 1149 833 1198 contem-

73 1235 209 1312 plationi
226 1235 449 1296 indesinenter
464 1234 646 1295 inhaerere.
673 1234 763 1296 Tunc
780 1252 833 1296 ex-

73 1333 164 1410 pedit
186 1333 243 1395 tibi
266 1335 303 1394 ad
327 1333 463 1393 humilia
492 1342 524 1392 et
552 1333 713 1394 exteriora
735 1351 833 1410 opera

74 1429 270 1506 confugere:
287 1442 318 1492 et
334 1432 366 1492 in
378 1431 473 1491 bonis
486 1431 612 1491 actibus
622 1443 654 1492 te
669 1449 833 1510 recreare3

72 1529 252 1588 adventum
281 1547 391 1590 meum
422 1539 454 1590 et
476 1546 649 1606 supernam
678 1529 870 1591 visitatio-to

73 1644 153 1686 nem
175 1626 266 1686 firma
281 1627 476 1689 confidentia
492 1637 677 1704 expectare:
700 1628 833 1689 exilium

72 1735 170 1784 tuum
192 1735 224 1786 et
245 1725 425 1785 ariditatem
448 1725 568 1786 mentis
586 1725 746 1802 patienter
767 1725 834 1786 sul·

74 1821 182 1897 ierre3
210 1823 314 1883 donec
343 1823 460 1882 iterum
491 1840 509 1882 a
537 1840 590 1883 me
613 1823 774 1884 visiteris:
803 1831 835 1882 et

73 1921 113 1979 ab
137 1919 292 1980 omnibus
314 1919 530 1980 anxietatibus
553 1920 711 1981 libereris
751 1918 832 1979 Nam

75 2016 195 2077 iaciam
220 2026 252 2078 te
275 2017 421 2078 laborum
452 2018 618 2094 oblivisci,
647 2028 679 2079 et
707 2017 870 2079 internata

73 2115 189 2192 quiete
211 2115 352 2192 perfrui3
374 2116 553 2192 expandam
570 2132 678 2176 coram
699 2124 730 2175 te
746 2125 835 2192 prata

74 2213 330 2289 scripturarum:
360 2222 394 2273 ut
422 2212 553 2274 dilatato
575 2213 673 2272 corde
701 2227 835 2271 currere

74 2311 218 2387 incipias
239 2312 324 2372 viam
348 2312 571 2371 mandatorum
595 2325 754 2370 meorum.
798 2307 835 2367 Et

75 2409 181 2470 dices.
232 2409 306 2469 Non
342 2418 418 2468 sunt
454 2408 633 2484 condignae
664 2405 836 2483 passiones

75 2507 180 2566 huius
195 2505 367 2583 temporis:
389 2506 428 2565 ad
445 2505 584 2565 futuram
600 2504 735 2582 gloriam
752 2519 872 2580 quaeao

76 2603 278 2664 revelabitur
300 2603 332 2663 in
357 2602 462 2664 nobis.

107 2797 236 2875 QVOD
261 2798 395 2860 HOMO
420 2798 514 2860 NON
540 2797 734 2858 REPVTET
757 2799 806 2859 SE

128 2894 478 2958 CONSOLATIONE
501 2895 683 2957 DlGNVM
707 2895 787 2955 SED

162 2991 302 3054 MAGIS
325 2993 602 3054 VERBERIBVS
627 2992 759 3052 REVM.

321 3150 526 3201 CAPITVLVM
545 3151 599 3200 LII.
845 3163 872 3204 25

194 3286 315 3348 Omine
344 3305 408 3347 non
437 3304 509 3346 sum
542 3286 659 3364 dignus
691 3288 837 3347 consola-

213 3384 302 3445 tione
333 3394 403 3444 tua:
439 3401 500 3444 nec
536 3384 643 3461 aliqua
676 3385 836 3461 spirituali

76 3482 277 3542 visitatione.
321 3482 358 3542 Et
386 3482 460 3541 ideo
489 3481 574 3542 iuste
599 3498 728 3542 mecum
751 3482 836 3559 agis:

77 3580 211 3657 quando
222 3597 274 3639 me
286 3579 415 3655 inopem
427 3589 459 3640 et
470 3580 650 3640 desolatum
668 3580 837 3657 relinquis.

106 3687 225 3728 Thomaea
236 3685 263 3728 K.
275 3683 358 3738 Opera.
374 3683 404 3727 il.
438 3683 475 3726 241
705 3686 729 3726 le
