2138 4196
229 463 349 516 mas
421 458 794 504 barnirarrouecumsrr
864 463 986 516 aaut&
1057 501 1058 504 ,

260 661 317 722 DE
338 659 496 722 AMORE
519 659 614 722 IESV
638 660 775 722 SVPER
798 660 959 723 OMNIA.

466 833 672 884 CAPITVLVM
691 833 748 882 Vll.

230 930 439 1151 &Batus
460 988 515 1064 qui
538 987 697 1065 intellegit
718 988 795 1064 quid
813 987 855 1047 sit
876 1004 987 1046 amare

361 1086 486 1146 Iesum:
515 1097 546 1147 et
575 1097 786 1147 contemnere
813 1103 850 1146 se
877 1084 986 1160 ipsum

206 1194 362 1261 spropter
393 1183 512 1244 lesum.
564 1183 703 1261 Oportet
737 1184 890 1245 dilectum
927 1199 987 1258 pro
1059 1231 1060 1268 1

230 1283 349 1342 dilecto
371 1281 574 1358 relinquere:
597 1282 673 1359 quia
688 1281 781 1342 lesus
803 1282 873 1342 vult
895 1282 987 1341 solus

230 1396 331 1455 super
358 1379 467 1439 omnia
495 1380 606 1440 amari.
649 1380 789 1440 Dilectio
818 1388 988 1440 creaturae

232 1478 328 1537 fallax
356 1486 387 1536 et
416 1477 593 1537 instabilis:
623 1477 753 1538 dilectio
776 1478 850 1537 Iesu
880 1476 988 1537 fidelis

231 1586 263 1636 et
277 1574 540 1651 perseverabilis,
567 1573 633 1652 Qui
649 1575 803 1635 adhaeret
818 1584 988 1635 creaturae

196 1689 221 1732 ro
231 1673 324 1733 cadet
345 1689 419 1732 cum
442 1671 546 1732 labili:
571 1673 626 1748 qui
649 1672 855 1749 amplectitur
877 1671 987 1733 Iesum

232 1771 412 1831 firmabitur
428 1770 462 1830 in
477 1787 604 1831 aevum.
637 1771 731 1832 Illum
746 1770 844 1847 dilige
859 1779 893 1830 et
908 1771 988 1830 ami·
1060 1815 1061 1838 r

232 1887 306 1929 cum
317 1868 373 1929 tibi
385 1868 507 1943 retine3
522 1868 577 1944 qui
594 1867 746 1928 omnibus
756 1867 989 1928 recedentibus

231 1979 263 2028 te
294 1984 359 2026 non
391 1966 570 2042 relinquet:
601 1983 662 2025 nec
691 1966 831 2041 patietur
857 1965 892 2025 in
922 1964 989 2024 line

231 2065 348 2141 perire.
378 2063 428 2124 Ab
444 2064 597 2124 omnibus
618 2073 744 2140 oportet
766 2073 797 2124 te
813 2063 989 2140 aliquando

197 2162 392 2238 reseparari:
421 2162 492 2222 sive
520 2162 603 2222 velis
625 2161 696 2221 sive
723 2161 818 2221 nolis.
860 2159 990 2221 Teneas
1061 2151 1062 2220 ζ

232 2270 264 2320 te
279 2260 363 2336 apud
380 2259 488 2320 lesum
504 2258 621 2319 vivens
636 2277 673 2319 ac
688 2258 834 2319 moriens
850 2268 883 2318 et
898 2257 989 2318 illius
1061 2267 1062 2288 ²

233 2357 377 2417 fidelitati
406 2367 438 2417 te
467 2357 650 2417 committe:
679 2358 734 2434 qui
759 2356 912 2417 omnibus
934 2355 990 2415 de·

233 2454 418 2515 ficientibus
447 2455 538 2514 solus
567 2464 599 2514 te
627 2465 734 2530 potest
762 2455 884 2515 iuvare.
933 2455 990 2514 Di·

232 2553 337 2612 lectus
359 2561 435 2611 tuus
456 2551 530 2612 talis
552 2560 602 2611 est
623 2562 768 2627 naturae,
790 2562 825 2612 ut
844 2552 989 2612 alienum

195 2666 298 2711 annon
326 2649 406 2709 velit
433 2648 620 2724 admittere;
648 2649 706 2708 sed
727 2650 819 2709 solus
841 2650 910 2710 vult
933 2668 992 2711 cor

233 2759 323 2809 tuum
340 2747 477 2806 habere:
499 2755 532 2806 et
553 2755 716 2822 tamquam
733 2763 790 2807 rex
806 2748 838 2807 in
856 2748 990 2824 proprio

233 2848 350 2905 throno
366 2843 493 2904 sedere.
522 2843 556 2904 Si
572 2843 676 2903 scires
697 2854 729 2904 te
744 2845 829 2905 bene
844 2845 883 2905 ab
899 2846 990 2906 omni

233 2951 381 3004 creatura
396 2958 571 3002 evacuare:
593 2941 686 3001 Iesus
700 2942 834 3002 deberet
849 2943 992 3004 libenter

232 3051 341 3102 tecum
364 3038 518 3100 habitare.
562 3039 671 3098 Paene
692 3048 795 3099 totum
824 3040 989 3115 perditum

195 3159 223 3201 25
233 3138 397 3198 invenies:
412 3137 569 3214 quidquid
580 3147 670 3197 extra
681 3137 789 3197 Iesum
803 3137 837 3196 in
849 3138 992 3198 homini·

232 3236 294 3296 bus
308 3233 469 3310 posueris,
499 3233 572 3293 Non
595 3233 740 3293 confidas
755 3251 817 3294 nec
836 3234 991 3297 innitaris

232 3349 333 3408 super
363 3331 522 3390 calamum
551 3342 742 3406 ventosum;
773 3331 850 3408 quia
881 3334 992 3393 omnis

233 3446 308 3490 caro
340 3429 488 3488 faenum:
519 3438 551 3488 et
582 3429 689 3489 omnis
719 3429 822 3505 gloria
851 3429 926 3490 eius
957 3441 993 3491 ut

233 3527 294 3587 flos
323 3525 408 3586 faeni
431 3526 532 3586 cadet.
576 3525 652 3587 Cito
677 3525 869 3602 decipieris:
898 3528 928 3587 si
952 3530 993 3589 ad

598 3629 625 3672 ro
