2138 4196
257 491 379 544 &m
450 492 489 534 DE
505 491 684 536 ΙΜΠΑΤΙΟΝΕ
700 493 824 537 CHRISTI
895 497 1025 550 W

259 623 335 700 quia
356 624 553 702 ubicumque
575 627 707 688 veneris
722 637 754 688 te
776 628 883 704 ipsum
906 638 1022 689 tecum

259 732 383 796 portas:
419 733 451 784 et
482 740 613 800 semper
643 735 675 786 te
711 725 818 802 ipsum
853 725 1022 786 invenies,

259 818 426 880 Converte
456 828 488 880 te
519 838 634 898 supra,
665 833 819 883 converte
850 832 882 883 te
914 823 1022 899 infra3

258 927 412 977 converte
434 927 466 978 te
488 928 594 994 extra,
623 930 778 980 converte
799 931 832 981 te
854 921 955 982 intra:
979 913 1022 982 ¹et

234 1013 291 1072 sin
314 1013 365 1073 his
387 1015 539 1075 omnibus
562 1016 712 1076 invenies
734 1034 882 1092 crucem3
905 1029 938 1078 et
961 1036 1020 1078 ne·

257 1127 352 1171 cesse
380 1121 430 1172 est
458 1122 490 1172 te
519 1113 640 1190 ubique
668 1123 781 1174 tenere
809 1115 1020 1190 patientiam:

257 1208 285 1268 si
308 1208 468 1269 internam
494 1210 544 1270 vis
573 1211 694 1271 habere
722 1228 853 1288 pacem,
882 1222 915 1273 et
944 1230 1019 1290 per·

256 1318 386 1383 petuam
408 1308 587 1384 promereri
610 1326 774 1369 coronam.

298 1404 331 1465 Si
361 1405 500 1466 libenter
521 1423 653 1466 crucem
680 1417 788 1482 portas
810 1407 953 1482 portabit
973 1418 1018 1483 te,

223 1521 247 1562 ro
257 1513 289 1562 et
299 1503 395 1564 ducet
405 1503 444 1563 ad
459 1503 679 1564 desideratum
695 1503 804 1580 linem,
819 1503 874 1564 ubi
888 1505 1019 1565 scilicet

257 1600 332 1662 finis
353 1601 495 1678 patiendi
518 1602 595 1662 erit:
618 1601 768 1677 quamvis
785 1601 838 1660 hic
861 1618 928 1661 non
945 1603 1017 1662 erit.

257 1699 290 1760 Si
307 1700 409 1760 invite
424 1709 533 1776 portas
548 1716 632 1759 onus
643 1699 700 1759 tibi
713 1698 803 1773 lacis,
819 1706 850 1757 et
861 1707 894 1758 te
905 1698 1016 1775 ipsum

256 1798 358 1874 magis
366 1806 652 1875 gravaszettamen
661 1797 1016 1872 oportetutsustineas

256 1895 289 1954 Si
301 1895 403 1955 abicis
414 1912 510 1954 unam
522 1910 664 1969 crucem,
678 1894 774 1954 aliam
790 1896 903 1970 procul
915 1895 1016 1955 dubio

222 1993 421 2052 rsinvenies:
446 2002 478 2052 et
500 1992 635 2052 forsitan
656 1993 849 2069 graviorem.
893 1993 1015 2055 Credis

255 2100 289 2150 tu
305 2090 461 2165 evadere;
480 2090 566 2166 quod
582 2090 692 2150 nullus
708 2091 892 2151 mortalium
909 2091 1016 2167 potuit

254 2188 458 2264 praeterire?
501 2187 586 2264 Quis
610 2197 796 2248 sanctorum
826 2188 859 2248 iu
890 2188 1014 2248 mundo

254 2285 326 2345 sine
342 2303 439 2346 cruce
455 2295 486 2346 et
501 2286 709 2347 tribulatione
725 2287 809 2347 fuit?
836 2285 907 2345 Nec
923 2285 1013 2345 enim

256 2383 348 2443 lesus
365 2383 520 2445 Christus
536 2385 698 2445 Dominus
720 2392 832 2444 noster
851 2401 917 2442 una
932 2384 1014 2444 hora

217 2481 326 2542 sosine
348 2483 460 2542 dolore
475 2483 637 2558 passionis
659 2481 728 2557 luit,
751 2480 906 2559 quamdiu
921 2481 1012 2541 vixit.

254 2579 432 2656 Oportebat
447 2581 491 2640 ait
506 2580 677 2642 Christum
694 2579 768 2656 pati,
790 2588 822 2638 et
837 2594 1013 2655 resurgere

253 2678 439 2738 amortuis:
462 2689 494 2737 et
508 2677 552 2736 ita
571 2677 691 2737 intrare
706 2677 739 2736 in
755 2676 890 2753 gloriam
906 2693 1011 2736 suam.

253 2775 292 2835 Et
307 2776 469 2853 quomodo
484 2785 518 2836 tu
534 2775 628 2835 aliam
645 2775 729 2834 viam
746 2773 892 2852 quaeris3
912 2790 1010 2850 quam

253 2874 335 2932 hanc
365 2873 485 2949 regiam
508 2873 592 2932 viam
616 2889 698 2950 quae
721 2881 771 2932 est
799 2871 851 2932 via
877 2881 1011 2930 sanctae

216 2970 386 3030 zscrucis?
427 2969 507 3029 Tota
535 2971 600 3030 vita
624 2969 749 3031 Christi
780 2987 859 3030 crux
888 2968 950 3028 fuit
978 2978 1010 3028 et

252 3068 459 3145 martyrium:
491 3079 523 3129 et
550 3079 584 3129 tu
614 3069 670 3129 tibi
700 3067 831 3145 quaeris
860 3066 1009 3143 requiem

252 3175 284 3225 et
297 3165 477 3242 gaudium?
507 3165 603 3225 Erras
619 3181 708 3224 erras
730 3163 758 3223 si
774 3162 861 3222 aliud
876 3162 1009 3239 quaeris

251 3279 347 3338 quam
377 3263 440 3338 pati
471 3261 713 3322 tribulationes:
744 3260 820 3337 quia
849 3268 917 3319 tota
947 3260 1009 3320 ista

251 3359 317 3420 vita
331 3359 476 3420 mortalis
491 3359 587 3436 plena
602 3368 652 3418 est
667 3358 809 3418 miseriis
825 3367 857 3418 et
869 3358 1008 3419 circum·
1053 3343 1054 3368 ³

214 3457 375 3534 aosignata
403 3458 564 3518 crucibus.
608 3456 646 3516 Et
668 3466 787 3534 quanto
814 3455 912 3516 altius
934 3456 1007 3533 quis

251 3553 284 3613 in
300 3555 415 3630 spiritu
431 3554 606 3634 profecerit
620 3563 708 3614 tanto
725 3551 893 3630 graviores
910 3570 1007 3630 saepe

615 3659 642 3699 aa
