2142 4194
305 1168 618 1238 PRAEFATIO.

121 1488 171 1550 Ad
188 1489 336 1550 Thomae
350 1507 369 1549 a
385 1489 521 1566 Kempis
537 1507 672 1566 operum
693 1490 839 1550 omnium

83 1587 285 1648 edendorum
296 1586 840 1664 confirmandumconsilium,quod

84 1698 116 1748 ut
138 1701 292 1763 caperem
315 1701 381 1760 quo
404 1694 587 1761 temporum
616 1701 763 1745 meorum
787 1684 840 1743 de-

84 1801 183 1844 cursu
205 1782 365 1842 adductus
387 1781 466 1857 sim,
490 1782 575 1842 inira
596 1799 625 1858 p.
647 1785 707 1842 484
730 1781 841 1856 habes

84 1890 213 1956 praeter
235 1889 499 1956 argumentorum
515 1879 746 1957 praestantiam
766 1879 841 1939 sub·

84 1979 321 2054 limitatemque
349 1979 430 2038 haec
461 1977 669 2055 potissimum
698 1977 759 2038 tria
787 1976 840 2036 de·

84 2077 220 2137 liberata
248 2075 424 2152 plurimum
453 2075 538 2152 apud
569 2093 622 2135 me
652 2076 840 2135 valuerunt:

84 2173 329 2251 Exemplarium
345 2174 506 2234 editorum
522 2174 647 2248 raritas,
668 2173 841 2250 neglegen-

83 2284 133 2333 ter
155 2272 398 2349 recognitorum
423 2272 590 2348 condicio,
618 2272 775 2332 librorum
805 2271 841 2330 li·

83 2371 289 2430 bellorumve
320 2371 496 2430 multorum
529 2369 563 2430 in
593 2369 842 2446 antiquioribus

83 2468 317 2528 nonnullorum
341 2468 374 2528 in
393 2467 623 2528 Sommalianis
644 2467 842 2527 editionibus

84 2564 242 2625 absentia.
285 2564 350 2625 Sed
371 2574 545 2641 antequam
568 2563 609 2625 de
627 2565 764 2626 consilio
786 2564 841 2625 iilo

84 2662 279 2739 exequendo
294 2662 380 2722 inter
391 2662 575 2722 Herderum
591 2663 843 2739 redemptorem,

84 2760 193 2820 virum
209 2759 491 2835 honestissimum,
513 2769 545 2820 et
566 2777 619 2820 me
641 2760 843 2836 conveniret,

84 2875 160 2918 cum
183 2857 366 2934 specimine
380 2858 489 2935 aliquo
512 2858 628 2934 dando,
650 2858 728 2935 quid
749 2857 842 2918 ineo

82 2973 208 3033 genere
232 2974 381 3033 possem,
409 2957 517 3017 visum
547 2966 635 3016 esset
659 2955 843 3032 periclitan-

83 3054 163 3114 dum
186 3070 277 3130 esse,
302 3053 477 3116 Orationes
500 3063 531 3114 et
553 3053 780 3114 meditationes
803 3054 843 3114 de

83 3151 152 3212 vita
164 3150 302 3228 Christi,
318 3170 400 3229 opus
416 3169 490 3213 cum
506 3151 671 3212 oblivione
686 3168 744 3227 per
760 3151 843 3212 Ger·

83 3249 229 3310 maniam
251 3266 356 3326 paene
377 3250 540 3325 obrutum,
568 3258 636 3309 tum
662 3249 773 3310 critica
795 3268 843 3309 ra·

83 3349 175 3408 tione
208 3347 354 3407 omnium
390 3347 575 3408 miserrime
606 3347 718 3408 iacens
749 3348 844 3425 elegi,

84 3446 173 3523 quod
221 3445 363 3521 primum
408 3445 583 3523 integritati
625 3445 842 3506 restituerem.

85 3544 196 3622 Quem
221 3551 372 3603 conatum
387 3552 559 3620 postquam
575 3544 655 3604 viris
677 3543 780 3604 doctis
795 3541 843 3603 in·

446 3648 485 3691 vu
