2160 4194
19 421 841 516 tormomsemsoaowrosarosoaozuoso

84 592 272 669 possidere3
288 590 430 651 effusum
443 602 474 651 et
485 590 733 652 immoderatum
749 608 841 651 num-

84 707 181 766 quam
199 705 290 749 esse:
305 689 386 749 nulli
403 706 533 766 quoque
545 699 712 750 creaturae
725 689 842 750 vitioso

84 786 205 848 affectu
229 787 413 861 inhaerere,
434 788 492 847 sed
510 787 567 848 tibi
584 787 644 847 soli
661 803 841 847 cormeum

84 886 243 946 mundum
268 895 299 944 et
327 884 539 960 tranquillum
567 900 780 959 conservare3
809 893 843 943 ut

84 999 218 1059 semper
239 982 278 1042 ad
301 980 427 1041 caelum
444 990 553 1040 mente
570 991 710 1057 erectus,
732 991 764 1041 et
786 981 867 1041 tibis

85 1081 156 1141 Deo
187 1095 261 1140 meo
292 1087 420 1138 secrete
450 1077 615 1153 intentus,
645 1096 663 1138 a
691 1079 780 1138 nulla
809 1095 843 1138 re

87 1177 209 1238 visibili
242 1177 366 1253 capiar:
402 1176 459 1235 sed
491 1193 590 1236 verus
620 1176 731 1236 mundi
768 1193 843 1236 con-

83 1285 228 1351 temptor
256 1290 475 1350 permaneam.
518 1272 572 1334 Sic
603 1274 764 1334 exteriora
785 1290 843 1349 pro

84 1375 158 1433 loco
174 1382 206 1434 et
221 1383 368 1448 tempore
384 1372 424 1431 da
439 1381 658 1448 congruenter
668 1371 842 1447 perlicere:

84 1482 119 1532 ut
135 1470 261 1530 nullum
273 1468 484 1530 interioribus
496 1469 578 1529 meis
589 1469 655 1529 sint
670 1469 843 1529 detrimen·
856 1487 882 1528 ro

84 1579 172 1644 tum;
204 1568 262 1628 sed
294 1566 402 1627 omnis
431 1567 522 1626 labor
551 1576 583 1627 et
611 1567 694 1627 actio
722 1583 780 1643 pro
812 1576 843 1626 te

84 1675 270 1742 assumpta:
292 1666 331 1725 ad
353 1664 489 1724 liberius
506 1665 712 1741 postmodum
730 1681 843 1724 vacan-

86 1764 165 1823 dum
188 1763 341 1823 iuvamen
357 1762 436 1822 mihi
453 1772 619 1838 praestent
634 1772 666 1822 et
681 1762 842 1822 ducatum.

88 1860 199 1922 Omne
221 1859 317 1920 etiam
334 1860 420 1935 quod
435 1876 494 1935 ago
509 1859 664 1932 exterius,
686 1869 740 1918 aut
755 1858 843 1935 quic-

86 1956 165 2033 quid
181 1956 320 2016 interius
336 1956 526 2033 intellegere
541 1973 693 2032 possum:
708 1957 748 2016 da
763 1955 842 2015 mihi
856 1977 880 2018 rs

12 2037 13 2046 ¹
86 2054 283 2130 simpliciter
304 2063 336 2114 et
358 2071 453 2130 pure,
475 2071 533 2130 pro
556 2054 678 2114 maiore
700 2053 843 2114 nominis

87 2151 133 2212 tui
157 2152 284 2211 honore
307 2161 338 2211 et
356 2151 652 2227 beneplacentioris
667 2151 843 2211 voluntatis

86 2260 162 2308 tuae
186 2265 296 2308 amore
318 2248 492 2324 perlicere:
516 2266 634 2325 meque
656 2249 763 2325 ipsum
786 2248 841 2308 tibi

86 2345 120 2405 in
143 2345 232 2406 omni
257 2362 292 2405 re
314 2345 522 2406 desiderabili
545 2356 599 2406 aut
619 2358 752 2406 naturae
768 2363 843 2406 con-

86 2443 185 2503 traria
207 2452 354 2519 prompte
378 2442 561 2520 resignare3
583 2444 744 2519 patienter
765 2460 879 2520 quo-20

87 2557 151 2617 que
163 2541 346 2616 praesentis
358 2541 442 2601 vitae
457 2541 618 2600 sarcinam
630 2543 843 2619 quoadusque

86 2639 228 2699 iusseris
250 2649 281 2699 et
303 2655 395 2698 meae
413 2639 593 2700 vocationis
615 2639 774 2700 terminus
789 2655 843 2699 ve·

87 2737 173 2796 nerit
188 2735 352 2812 perferre:
375 2752 493 2812 corpus
509 2753 640 2813 quoque
656 2747 687 2797 et
702 2737 841 2796 animam

87 2834 143 2894 tibi
175 2833 312 2893 creatori
335 2849 410 2892 meo
439 2833 578 2894 fideliter
604 2834 842 2893 commendare.

88 2931 258 2991 Memento
291 2930 354 2990 mei
386 2931 476 2990 Deus
508 2931 541 2991 in
570 2932 650 2991 hora
679 2942 879 2992 extremaeas

87 3028 312 3104 necessitatis3
344 3037 375 3087 et
406 3027 455 3086 iac
485 3028 740 3089 misericorditer
768 3047 841 3088 cum

86 3144 184 3187 servo
206 3135 278 3186 tuo:
301 3127 356 3203 qui
379 3143 445 3186 non
468 3126 500 3186 in
524 3126 649 3186 meritis
669 3127 762 3201 mele,
784 3127 842 3185 sed

87 3226 121 3285 in
144 3236 198 3285 tua
221 3224 431 3284 miseratione
454 3234 485 3284 et
507 3224 625 3300 pietate
648 3223 785 3283 conlido.

438 3390 491 3446 28

125 3623 217 3664 rhomae
226 3635 240 3664 a
250 3623 278 3665 lt.
289 3620 373 3674 Opera.
390 3620 418 3663 ll.
444 3622 485 3662 305
