2160 4194
247 448 287 500 &S
312 447 453 491 LIBELLVS
469 447 508 489 DE
524 446 699 490 DlSClPLlNA
713 445 937 490 clavstnntlvu
956 447 992 499 ζῶ

248 599 340 643 nem:
363 591 414 643 est
428 580 624 642 conformari
641 579 707 640 lilio
723 581 784 641 Dei
800 581 833 641 in
849 581 993 642 omnibus

248 679 423 739 virtutibus
451 689 483 739 et
505 678 650 737 moribus
679 678 759 738 suis.
802 679 902 739 Disce
922 694 993 754 ergo

249 777 288 837 ad
311 775 382 836 eius
404 792 549 837 amorem
571 786 603 836 et
628 777 788 836 honorem
811 787 927 837 cuncta
947 792 995 835 ex·

250 874 362 936 ercitia
383 885 438 935 tua
461 875 591 934 trahere
613 883 645 933 et
666 873 834 934 ordinare:
863 883 896 934 et
922 882 996 932 tam-

226 989 345 1049 squam
375 980 581 1048 praesentem
612 971 719 1031 lesum
749 971 782 1031 in
812 971 901 1031 omni
930 972 996 1030 loco

250 1080 281 1130 et
302 1079 449 1145 tempore
471 1069 655 1129 attendere:
680 1079 712 1130 et
734 1087 808 1129 cum
831 1070 932 1129 multa
953 1084 998 1127 re·

250 1165 396 1227 verentia
418 1176 450 1227 et
478 1166 634 1244 singulari
657 1167 831 1228 devotione
854 1167 893 1227 ad
915 1165 998 1226 audi-

250 1263 371 1324 tionem
388 1274 419 1324 et
434 1264 647 1340 prolationem
661 1264 844 1325 dulcissimi
860 1263 1000 1324 nominis

251 1360 323 1421 eius
336 1369 431 1437 caput
442 1361 609 1422 humiliter
624 1361 759 1423 inclina:
773 1379 880 1439 genua
896 1362 1000 1436 llecte3

216 1469 283 1520 roet
312 1476 386 1518 cum
415 1459 567 1520 omnibus
595 1459 721 1536 angelis
747 1469 780 1520 et
800 1458 1001 1536 archangelis

251 1565 283 1616 et
305 1555 460 1617 universo
482 1567 577 1618 coetu
599 1568 786 1619 sanctorum
802 1557 1001 1619 maiestatem

251 1653 442 1730 eius'atque
465 1654 666 1716 divinitatem
689 1656 796 1731 adora,
818 1655 1002 1716 benedicet

252 1751 407 1812 collauda.
438 1751 476 1811 Et
491 1752 553 1812 hoc
568 1762 619 1812 est
634 1752 805 1813 Christum
828 1769 887 1829 per
909 1752 1001 1812 iidem

253 1861 285 1910 et
316 1849 525 1910 dilectionem
560 1850 706 1911 habitare
742 1851 774 1911 in
807 1851 905 1912 corde
940 1861 1003 1924 tuo,

219 1949 366 2009 rsoculos
381 1947 501 2008 mentis
516 1948 554 2007 ab
575 1947 647 2008 eius
668 1948 898 2026 imaginatione
913 1965 1003 2008 num·
1065 1997 1066 2000 ,

253 2062 349 2122 quam
385 2054 552 2104 avertere:
588 2045 627 2105 ad
663 2046 735 2106 eius
766 2045 1003 2122 beneplacitum

253 2158 385 2217 semper
403 2142 548 2218 tendere,
568 2153 599 2203 et
614 2142 695 2203 nihil
711 2144 784 2204 eius
798 2142 900 2205 amori
917 2159 1004 2219 prae·

254 2256 393 2315 ponere3
422 2239 479 2299 sed
508 2239 663 2316 quicquid
684 2241 761 2302 boni
790 2241 934 2302 audieris
955 2240 1005 2300 vel

254 2337 374 2414 legeris
393 2347 447 2397 aut
470 2337 589 2397 leceris
611 2337 643 2397 in
666 2337 773 2414 ipsum
796 2338 938 2400 totaliter
959 2355 1006 2399 re·

219 2436 376 2496 zoducere
392 2444 424 2494 et
439 2434 580 2495 finaliter
594 2435 737 2497 referre:
757 2436 832 2513 quia
846 2436 918 2512 ipse
935 2436 1006 2496 lons

256 2533 341 2593 vitae
363 2541 395 2592 et
423 2533 602 2608 sapientiae
631 2543 662 2594 et
684 2535 893 2611 disciplinae;
924 2532 1007 2610 apud

256 2647 353 2707 quem
376 2647 441 2690 non
463 2631 547 2706 perit
569 2647 629 2691 nec
644 2631 779 2692 minima
796 2631 947 2708 cogitatio
967 2631 1008 2690 de

256 2729 328 2789 eius
360 2728 518 2789 memoria
552 2729 679 2790 habita:
714 2746 776 2789 nec
811 2746 914 2790 vacua
948 2727 1009 2788 erit
1065 2731 1066 2734 ’

257 2827 358 2887 oratio
380 2826 420 2886 ad
442 2843 517 2886 eum
548 2843 621 2886 cum
643 2826 765 2903 gemitu
795 2826 877 2886 lusa.
922 2825 1009 2887 Con·

219 2944 247 2985 25
258 2925 361 2985 forma
389 2939 467 3001 ergo
495 2933 527 2984 te
556 2924 783 2984 sanctissimae
809 2923 895 2983 vitae
918 2923 1009 2983 lesu:

257 3022 329 3082 eius
370 3031 592 3098 paupertatem
632 3022 847 3083 humilitatem
888 3019 1010 3096 patien-

257 3120 333 3182 tiam
356 3130 388 3180 et
416 3129 637 3196 contemptum
667 3119 700 3179 in
723 3120 784 3178 hoc
809 3117 931 3180 mundo
952 3134 1011 3194 pro

257 3229 313 3279 tuo
336 3217 466 3278 modulo
489 3217 654 3278 imitando.
684 3217 791 3277 Pensa
812 3215 950 3293 qualiter
973 3217 1011 3276 ab
1065 3203 1066 3210 ἵ

258 3315 350 3376 initio
379 3325 510 3375 sanctae
539 3314 715 3375 nativitatis
743 3330 823 3373 suae
845 3329 950 3389 usque
973 3313 1011 3373 ad

222 3413 381 3480 mexitum
411 3412 525 3473 mortis
553 3411 586 3472 in
615 3428 712 3471 cruce
740 3428 798 3488 pro
827 3420 858 3471 te
889 3411 1012 3471 labora·
1065 3423 1066 3502 J

259 3510 324 3586 vit;
354 3526 412 3586 pro
441 3520 472 3570 te
501 3509 673 3584 sustinuit,
701 3519 733 3569 et
761 3525 797 3568 se
821 3517 924 3568 totum
954 3508 1011 3569 tibi

502 3621 505 3626 ·
615 3615 656 3657 aro
