2160 4194
108 439 434 492 emsemsmmmm
484 411 870 493 c'rosot‘esurosotom

207 633 264 693 DE
287 633 564 697 REFECTORIO
588 633 639 694 ET
663 634 779 696 CIBIS

375 730 611 792 SVMENDIS.

358 904 564 955 CAPITVLVM
582 905 628 954 Vl.

110 998 291 1217 &Nic
314 1059 503 1121 reiectionis
520 1061 650 1120 horam:
673 1076 738 1119 non
761 1060 869 1135 negle-

245 1172 303 1232 gas
324 1173 382 1232 pro
404 1157 669 1218 benefactoribus
695 1165 727 1216 et
755 1155 891 1216 amiciss

111 1251 278 1313 defunctis
309 1271 412 1315 orare.
465 1255 538 1315 Hoc
573 1254 661 1315 enim
693 1253 783 1330 pium
819 1263 870 1314 est

111 1359 146 1411 et
167 1350 261 1411 valde
283 1352 424 1412 salubre.
459 1353 531 1413 Hoc
553 1351 676 1412 teneris
698 1367 739 1411 ex
761 1350 869 1411 debito

112 1448 276 1509 iratemae
307 1449 466 1510 caritatis:
503 1459 535 1511 et
565 1449 637 1511 iure
668 1447 779 1508 divino
810 1465 868 1524 pro

111 1545 283 1606 beneficiis
304 1545 361 1607 tibi
384 1545 554 1622 impensis,
590 1545 681 1607 Sicut
703 1544 759 1607 tibi
776 1555 869 1622 optas

112 1643 184 1704 fieri
207 1653 280 1720 post
302 1654 439 1705 mortem
469 1645 513 1705 ita
541 1655 572 1705 te
596 1661 684 1705 nunc
712 1643 868 1704 exhibeas
880 1660 905 1700 ro

110 1741 228 1802 amicis
243 1741 408 1803 defunctis
430 1741 464 1803 in
486 1742 681 1828 celebrando
699 1750 731 1802 et
746 1741 868 1801 orando

112 1839 255 1900 fidelem.

156 1936 191 1996 ln
213 1954 327 1997 mensa
351 1936 523 1997 recordare
545 1936 728 1997 dominicae
750 1953 867 1998 cenae:

111 2033 192 2112 quid
214 2034 370 2097 Christus
388 2034 551 2095 Dominus
573 2035 675 2111 egerit
698 2044 730 2095 et
751 2034 868 2096 dixerit

111 2132 284 2208 discipulis
314 2133 395 2193 suis.
447 2132 496 2192 Sit
526 2133 689 2208 praelatus
724 2141 801 2192 tuus
834 2133 866 2192 in
879 2149 904 2190 15

111 2230 221 2291 medio
251 2231 385 2291 fratrum
415 2242 578 2308 tamquam
604 2246 704 2291 verus
725 2229 867 2290 vicarius

112 2327 256 2390 Christi:
273 2328 389 2405 reliqui
407 2327 523 2389 fratres
535 2336 772 2388 convescentes
783 2327 867 2389 sicut

110 2426 249 2502 apostoli
279 2425 393 2486 sancti.
436 2425 526 2487 Ordo
549 2425 670 2503 quippe
699 2436 773 2485 tuae
795 2442 866 2501 pro-

112 2523 269 2584 fessionis
290 2541 331 2584 ex
353 2523 530 2600 apostolica
551 2523 617 2584 vita
645 2523 785 2600 sumpsit
814 2540 867 2584 ex·

111 2619 257 2682 ordium:
280 2630 314 2682 ut
329 2622 423 2683 docet
445 2622 557 2699 regula
571 2621 750 2683 beatissimi
766 2621 902 2697 patrisao

111 2717 297 2797 Augustini.
319 2718 459 2781 Attende
475 2736 587 2779 sacrae
606 2719 738 2779 lectioni
754 2719 867 2796 magis,

111 2833 208 2893 quam
225 2817 331 2893 epulis
349 2817 564 2878 insumendis.
595 2818 633 2879 Et
647 2833 689 2877 ne
704 2817 866 2893 appetitus

110 2914 206 2992 gulae
221 2913 340 2975 alliciat
355 2913 464 2990 nimis,
480 2924 512 2976 et
527 2915 704 2976 increscat:
720 2931 864 2974 amarum

111 3012 156 3072 iel
179 3011 304 3074 Christi
334 3022 367 3073 et
387 3020 515 3072 acetum
544 3011 577 3072 in
602 3029 700 3073 cruce
720 3020 864 3089 potatum

110 3108 176 3169 tuis
198 3108 325 3184 poculis
353 3109 552 3171 intermisce.
595 3109 681 3172 Ante
709 3111 902 3187 sumptio-25

110 3223 186 3266 nem
199 3205 278 3267 cibi:
294 3207 409 3269 levatis
424 3209 529 3269 oculis
545 3208 664 3269 mentis
680 3207 713 3268 in
729 3208 865 3284 caelum,

110 3320 169 3364 ora
189 3321 264 3364 cum
286 3307 453 3381 propheta.
490 3305 625 3368 Cibabis
646 3322 708 3365 nos
724 3305 864 3366 Domine

108 3419 194 3478 pane
209 3401 432 3463 lacrimarum:
448 3413 480 3464 et
495 3413 606 3480 potum
617 3403 709 3464 dabis
724 3404 757 3463 in
773 3404 864 3464 lacri-

108 3498 173 3559 mis
195 3499 229 3559 in
245 3516 408 3561 mensura
437 3500 589 3561 Modeste
608 3509 729 3564 etcum
748 3500 864 3561 timore

467 3605 508 3647 aas
