2146 4194
222 425 343 479 Imm
414 424 453 468 DE
469 423 647 468 ΙΜΠᾹΤΙΟΝΕ
663 424 787 468 CHRISTI
857 422 980 476 m

223 568 401 635 promotor:
430 559 630 620 distribuens
658 558 796 635 singulis
818 557 904 618 sicut
934 557 979 616 di·

222 673 321 733 gnum
344 656 541 742 iudicavero.
1057 655 1058 660 ’

246 869 302 929 DE
326 867 419 930 NON
443 866 745 929 ATTRAHENDO
768 867 853 928 SIBI
878 865 960 927 RES

459 965 741 1028 EXTERIORES.

200 1153 214 1192 5
437 1141 642 1192 CAPITVLVM
658 1140 763 1190 XLIIII.

224 1242 383 1458 ffilli.
400 1296 435 1356 In
445 1295 690 1372 multisoportet
698 1304 729 1355 te
739 1311 813 1354 esse
822 1294 982 1370 inscium3

355 1403 386 1454 et
401 1392 574 1454 aestImare
587 1404 618 1452 te
633 1403 797 1469 tamquam
807 1401 980 1452 'mortuum

223 1501 473 1569 superterram:
496 1502 528 1552 et
543 1491 594 1551 cui
615 1500 702 1551 totus
718 1491 859 1550 mundus
876 1490 982 1550 cruci·

224 1589 308 1650 fixus
323 1589 375 1654 sit.
405 1589 509 1649 Multa
524 1588 620 1649 etiam
636 1597 763 1664 oportet
785 1588 884 1648 surda
901 1605 982 1648 aure

189 1709 215 1749 ro
224 1686 437 1764 pertransire:
453 1695 485 1746 et
499 1703 583 1763 quae
594 1698 668 1746 tuae
683 1686 773 1763 pacis
788 1696 865 1746 sunt
877 1687 983 1763 magis

223 1786 375 1863 cogitare.
403 1784 524 1847 Vtilius
547 1793 596 1844 est
619 1784 732 1844 oculos
753 1801 772 1843 a
793 1783 894 1844 rebus
918 1785 984 1844 dis·
1057 1861 1058 1864 Ἴ

223 1883 419 1960 plicentibus
441 1891 606 1957 avertere;
628 1891 660 1941 et
681 1880 859 1958 unicuique
882 1899 983 1942 suum

224 1981 348 2042 sentire
359 1980 560 2055 relinquere:
577 1996 673 2055 quam
685 1978 902 2038 contentiosis
914 1997 985 2040 ser·

224 2078 376 2139 monibus
391 2074 568 2137 deservire.
599 2075 632 2137 Si
648 2077 732 2136 bene
755 2076 887 2136 steteris
905 2083 984 2138 cum

190 2176 306 2250 15Deo,
328 2185 360 2236 et
380 2175 451 2235 eius
467 2173 622 2232 iudicium
642 2173 825 2250 aspexeris:
849 2173 985 2236 facilius

223 2283 255 2333 te
278 2272 399 2333 victum
422 2272 575 2349 portabis.

264 2369 294 2432 O
318 2370 459 2430 Domine
481 2385 653 2447 quousque
675 2368 854 2428 venimus?
896 2369 986 2430 Ecce

224 2469 377 2528 damnum
400 2467 539 2527 delletur
559 2466 755 2543 temporale,
776 2483 834 2542 pro
850 2468 986 2528 modico

224 2574 361 2642 quaestu
392 2566 555 2625 laboratur
584 2575 615 2624 et
639 2564 795 2624 curritur:
825 2573 857 2624 et
886 2566 988 2642 spiri·

187 2663 310 2727 rotuale
327 2662 558 2723 detrimentum
582 2662 614 2721 in
633 2661 831 2721 oblivionem
853 2664 989 2738 transit,

225 2770 257 2820 et
287 2760 341 2820 vix
371 2777 446 2820 sero
476 2759 608 2819 reditur.
658 2756 755 2834 Quod
784 2775 900 2834 parurn
934 2763 988 2824 vel

225 2857 306 2917 nihil
328 2858 460 2934 prodest
475 2856 667 2932 attenditur;
689 2866 721 2916 et
743 2856 829 2932 quod
852 2873 988 2920 summe

225 2955 448 3014 necessarium
472 2964 521 3015 est
543 2954 755 3030 neglegenter
769 2955 988 3030 praeteritur:

225 3052 301 3129 quia
322 3062 409 3113 totus
431 3054 529 3113 homo
552 3052 591 3112 ad
610 3061 747 3112 externa
776 3051 901 3113 delluit.
949 3056 988 3116 Et
1057 3081 1058 3136 3

188 3149 288 3214 renisi
318 3149 381 3210 cito
411 3150 598 3227 resipiscat:
628 3149 733 3209 libens
754 3148 787 3208 in
812 3151 988 3213 exteriori·
1057 3149 1058 3202 I

225 3247 286 3306 bus
309 3248 400 3307 iacet.
847 3261 848 3264 ’

576 3351 630 3408 ΐΐ

582 3594 623 3636 222
