2142 4194
230 471 351 524 mm
421 471 460 513 oa
476 469 655 514 miratione
670 470 793 514 cunrsrt
865 471 986 524 ’Iesum

230 605 308 681 quid
320 613 428 664 autem
440 603 700 680 reprehensibile
710 603 985 664 consideraveris:

231 718 310 762 cave
339 719 381 762 ne
404 702 490 763 idem
513 702 623 762 iacias.
665 701 732 762 Aut
758 701 788 762 si
812 701 986 778 aliquando

232 800 356 860 iecisti:
372 799 470 860 citius
485 800 661 861 emendare
676 809 708 859 te
723 799 866 859 studeas
897 798 988 861 Sicut
1061 847 1062 864 t

231 899 348 959 oculus
369 907 445 958 tuus
466 898 549 958 alios
570 897 771 958 considerat:
798 897 846 956 sic
868 897 986 957 iterum

207 996 270 1062 sab
281 995 354 1056 aliis
364 995 497 1056 notaris.
530 995 636 1071 Quam
653 993 831 1055 iucundum
847 1003 880 1054 et
893 994 988 1054 dulce

231 1101 282 1152 est
309 1093 422 1153 videre
452 1093 598 1154 fervidos
628 1102 660 1153 et
688 1093 824 1152 devotos
854 1090 988 1152 iratres:

231 1193 316 1252 bene
338 1192 552 1269 morigeratos
567 1200 599 1252 et
616 1191 849 1266 disciplinatos.
879 1189 987 1266 Quam
1062 1209 1063 1222 *

231 1289 325 1350 triste
340 1299 389 1349 est
404 1298 436 1349 et
450 1305 548 1366 grave
561 1288 674 1349 videre
685 1287 867 1348 inordinate
877 1289 989 1349 ambu-

231 1387 353 1448 lantes:
380 1386 434 1463 qui
457 1402 496 1446 ea
517 1387 557 1446 ad
578 1402 661 1462 quae
689 1385 794 1446 vocati
824 1395 901 1446 sunt
920 1403 989 1445 non

198 1494 397 1546 roexercent.
440 1484 547 1561 Quam
570 1484 724 1544 nocivum
749 1492 800 1544 est
814 1483 989 1560 neglegere

231 1581 413 1643 vocationis
442 1598 521 1642 suae
549 1580 769 1657 propositum:
798 1589 831 1640 et
858 1580 898 1640 ad
922 1597 988 1640 non

232 1677 408 1739 commissa
429 1695 564 1739 sensum
588 1677 755 1738 inclinare.

273 1777 404 1837 Memor
418 1785 488 1836 esto
504 1775 623 1852 arrepti
638 1775 812 1852 propositi:
830 1784 863 1835 et
877 1775 990 1852 imagi·
1064 1831 1065 1840 ,

232 1892 308 1935 nem
330 1875 387 1935 tibi
410 1891 556 1952 propone
577 1873 746 1936 Crucifixi.
782 1874 875 1933 Bene
896 1890 990 1934 vere·

199 1973 366 2036 iscundari
389 1984 483 2050 potes
504 1973 652 2050 inspecta
672 1973 738 2033 vita
754 1973 828 2032 Iesu
845 1971 990 2049 Christi3

233 2071 309 2148 quia
336 2071 477 2131 necdum
508 2071 611 2148 magis
642 2070 688 2130 illi
720 2079 751 2130 te
782 2069 989 2130 conformare

233 2167 405 2229 studuisti:
441 2168 518 2228 licet
554 2168 609 2228 diu
640 2168 673 2228 in
704 2167 758 2228 via
789 2166 850 2226 Dei
888 2167 989 2228 fuisti.

234 2265 421 2343 Religiosus
450 2265 505 2342 qui
536 2283 573 2325 se
601 2265 725 2325 intente
754 2274 786 2325 et
815 2265 933 2325 devote
956 2265 989 2325 in

233 2363 441 2424 sanctissima
461 2364 527 2424 vita
548 2373 580 2424 et
604 2363 757 2440 passione
780 2362 912 2423 Domini
936 2381 991 2423 ex-

197 2469 340 2537 zoercet3
375 2461 485 2522 omnia
520 2461 611 2521 utilia
646 2470 678 2522 et
709 2461 897 2521 necessaria
926 2460 990 2520 sibi

233 2558 436 2619 abundanter
457 2557 500 2618 ibi
524 2557 686 2619 inveniet:
708 2574 770 2617 nec
785 2574 868 2634 opus
890 2567 941 2618 est
957 2566 992 2617 ut

234 2667 324 2718 extra
339 2657 448 2717 Iesum
464 2656 586 2733 aliquid
601 2655 721 2716 melius
740 2664 883 2731 quaerat.
916 2655 946 2716 Ο
962 2655 990 2716 si

236 2757 328 2816 lesus
350 2753 526 2814 crucifixus
548 2754 581 2814 in
604 2771 661 2814 cor
675 2762 823 2813 nostrum
846 2753 992 2814 veniret:

234 2869 330 2929 quam
353 2851 417 2912 cito
440 2860 473 2912 et
494 2850 698 2911 sufficienter
719 2850 804 2911 docti
828 2867 992 2912 essemus.

197 2949 422 3026 zsReligiosus
451 2949 615 3025 fervidus,
643 2949 753 3009 omnia
779 2950 864 3008 bene
886 2959 993 3025 portat

235 3057 268 3107 et
293 3046 394 3123 capit:
424 3062 507 3123 quae
530 3046 576 3106 illi
598 3046 761 3108 iubentur.
805 3046 994 3123 Religiosus

234 3145 412 3222 neglegens
427 3153 460 3204 et
474 3144 615 3220 tepidus,
636 3145 734 3204 habet
748 3144 993 3205 tribulationem

234 3259 335 3319 super
362 3242 621 3303 tribulationem:
653 3252 685 3303 et
714 3260 754 3303 ex
783 3242 871 3302 omni
901 3251 993 3318 parte

234 3341 354 3418 patitur
368 3341 567 3418 angustiam3
589 3341 665 3418 quia
679 3341 826 3402 interiori
845 3341 995 3401 consola·

199 3439 323 3504 actione
346 3448 450 3500 caret:
472 3447 505 3499 et
526 3438 722 3499 exteriorem
744 3454 904 3516 quaerere
921 3456 995 3516 pro·

236 3536 375 3598 hibetur.
429 3536 615 3614 Religiosus
656 3546 746 3598 extra
786 3536 994 3613 disciplinam

600 3641 627 3682 54
717 3639 719 3646 .
