2138 4196
83 471 370 528 mommo:
439 471 500 513 111⁰
565 468 847 523 tommosamsauo

84 607 149 667 alta
180 606 243 667 Dei
276 604 566 681 contemplatione:
597 603 652 679 qui
684 619 742 678 pro
775 603 845 662 Deo

84 723 151 766 non
183 715 236 765 est
266 703 463 764 exercitatus
490 701 598 777 aliqua
628 700 845 761 tribulatione.

85 803 177 864 Solet
188 802 277 862 enim
293 800 463 877 sequentis
479 799 728 860 consolationis:
743 809 845 875 temp·

84 901 163 961 tatio
178 899 382 977 praecedens
393 915 468 958 esse
483 897 623 974 signum.
648 896 731 957 Nam
743 906 845 972 temp·

85 998 265 1059 tationibus
286 998 446 1073 probatis:
474 995 626 1056 caelestis
648 993 868 1071 promittiturs

86 1098 277 1158 consolatio.
320 1094 387 1172 Qui
416 1093 532 1154 vicerit
560 1092 681 1169 inquit:
710 1092 791 1152 dabo
814 1092 844 1151 ei

87 1195 185 1254 edere
209 1194 250 1253 de
272 1192 359 1269 ligno
381 1191 476 1252 vitae.
515 1191 618 1250 Datur
639 1199 747 1250 autem
770 1207 844 1250 con-

86 1293 203 1352 solatio
219 1290 345 1351 divina:
361 1300 395 1350 ut
410 1290 509 1349 homo
521 1288 635 1349 fortior
645 1286 686 1348 sit
698 1287 737 1346 ad
748 1287 844 1347 susti·

86 1390 233 1449 nendum
257 1388 404 1448 adversa.
448 1386 603 1462 Sequitur
624 1385 721 1446 etiam
742 1395 844 1461 temp-

86 1488 180 1547 tatio:
204 1503 246 1546 ne
269 1503 306 1546 se
328 1487 435 1545 elevet
457 1484 497 1544 de
511 1484 607 1543 bono.
638 1483 711 1543 Non
727 1482 845 1542 dormit
856 1503 881 1543 ιο

87 1585 236 1644 diabolus
258 1601 319 1644 nec
335 1601 410 1643 caro
425 1584 530 1643 adhuc
546 1592 672 1643 mortua
689 1593 749 1657 est,
771 1583 844 1643 ideo

87 1699 152 1742 non
182 1698 297 1742 cesses
323 1692 357 1741 te
378 1697 571 1758 praeparare
599 1680 638 1739 ad
662 1690 844 1739 certamen:

87 1779 162 1855 quia
184 1797 203 1838 a
225 1779 348 1840 dextris
376 1789 408 1839 et
430 1796 448 1838 a
469 1777 612 1838 sinistris
635 1779 747 1837 hostes
769 1788 845 1838 sunt

87 1877 142 1953 qui
165 1893 344 1953 numquam
367 1876 550 1953 quiescunt.

89 2072 144 2131 DE
161 2068 464 2133 GRATITVDINE
479 2069 565 2131 PRO
582 2067 748 2130 GRATIA
762 2071 843 2130 DEI.
857 2092 881 2131 15

341 2227 547 2277 CAPITVLVM
565 2227 595 2276 Χ.

89 2306 246 2524 &Vr
262 2363 393 2439 quaeris
408 2364 570 2440 quietem3
592 2380 667 2422 cum
686 2373 782 2422 natus
797 2363 844 2423 sis

219 2461 258 2520 ad
281 2460 452 2521 laborem?
495 2461 585 2520 Pone
607 2471 639 2520 te
661 2460 700 2520 ad
722 2460 844 2537 patien-

89 2557 162 2617 tiam
192 2558 297 2634 magis
325 2575 422 2634 quam
453 2558 492 2617 ad
524 2558 781 2618 consolationes:
813 2569 844 2619 et

90 2656 126 2714 ad
156 2673 290 2716 crucem
322 2655 511 2732 portandam
542 2655 646 2731 magis
677 2672 773 2732 quam
805 2656 880 2715 adao

91 2753 251 2814 laetitiam.
301 2753 386 2830 Quis
415 2753 502 2812 enim
530 2753 747 2812 saecularium
778 2770 843 2812 non

91 2850 226 2912 libenter
255 2851 517 2916 consolationem
541 2860 572 2910 et
600 2850 753 2911 laetitiam
780 2850 844 2926 spi·

92 2947 236 3008 ritualem
266 2948 445 3024 acciperet3
476 2948 503 3007 si
535 2963 667 3023 semper
697 2947 844 3023 optinere

92 3045 225 3118 posset?
262 3045 429 3105 Excedunt
451 3045 538 3104 enirn
561 3045 747 3120 spirituales
769 3061 844 3104 con·

92 3142 281 3202 solutiones:
297 3158 413 3203 omnes
424 3141 535 3201 mundi
547 3141 681 3201 delicias
692 3153 724 3202 et
736 3143 880 3208 carnis25

93 3240 280 3316 voluptates.
328 3240 411 3299 Nam
441 3255 556 3299 omnes
587 3239 723 3299 deliciae
752 3257 845 3299 mun·

94 3335 206 3397 danae:
229 3347 285 3397 aut
306 3353 408 3396 vanae
431 3346 508 3396 sunt
522 3345 576 3396 aut
590 3346 713 3413 turpes.
745 3337 844 3414 Spiri-

94 3434 192 3493 tuales
223 3450 302 3493 vero
334 3433 469 3493 deliciae
501 3434 590 3493 solae
621 3433 781 3494 iucundae
813 3445 845 3494 et

96 3530 261 3592 honestae:
291 3548 331 3592 ex
353 3531 527 3592 virtutibus
551 3532 748 3608 progenitae,
773 3543 804 3592 et
827 3549 845 3590 a

453 3635 480 3678 77
