2178 4186
144 503 147 509 .
241 461 321 514 m
380 459 651 505 nscounettonrto
666 461 860 506 HVMlLlTATlS
919 461 999 516 ww

240 594 345 656 abuti:
365 613 473 673 neque
488 605 647 673 potestate
662 612 830 656 concessa.
858 594 910 656 Ad
925 613 999 656 eva·

241 693 383 753 dendum
394 692 493 770 igitur
506 693 651 770 pericula
663 692 831 769 diabolica,
847 695 998 754 adextris
1071 679 1072 688 ¹

241 802 273 852 et
294 808 313 851 a
333 791 477 851 sinistris
498 790 667 866 instantia3
696 807 762 851 non
784 801 835 852 est
855 800 919 851 tarn
943 810 1000 868 po·

240 899 314 949 tens
342 899 506 950 armatura
532 888 618 949 sicut
646 887 813 948 humilitas
842 905 935 950 vera:
966 899 999 950 et

217 985 342 1047 sonatio
365 987 482 1047 devota
502 1003 576 1046 curn
599 984 800 1046 conscientia
818 1004 909 1062 pura.
939 987 999 1050 Su·

239 1084 361 1160 perbus
372 1093 418 1144 tot
428 1085 526 1145 habet
537 1084 775 1161 laqueos:quot
785 1084 998 1161 cogitationes

240 1181 369 1258 iniquas
391 1191 423 1242 et
445 1182 555 1242 elatas.
585 1180 729 1241 Humilis
745 1198 840 1242 mens
854 1182 888 1242 in
902 1183 998 1243 bonis

239 1297 306 1341 non
334 1281 497 1341 elevatur:
525 1280 583 1340 sed
611 1279 730 1356 gratias
758 1279 823 1356 agit
846 1280 887 1340 de
908 1279 997 1341 omni

239 1378 324 1437 bono
354 1378 440 1454 quod
468 1376 604 1453 accepit.
647 1375 713 1454 Qui
743 1393 780 1436 se
801 1376 998 1453 tempestive

206 1476 389 1537 tohumiliat
404 1475 569 1552 sapienter
585 1472 677 1534 iacit:
699 1490 741 1533 ne
757 1473 920 1535 deteriora
935 1474 997 1535 sibi

240 1572 437 1651 contingant.
454 1571 741 1633 Perhumilitatem
752 1571 898 1647 placatur
907 1573 999 1632 Deus

239 1673 280 1732 de
295 1671 447 1731 omnibus
462 1669 614 1745 offensis3
630 1668 819 1729 aedificatur
828 1669 999 1745 proximus

239 1769 272 1829 in
301 1769 409 1846 aliquo
439 1769 565 1828 laesus:
593 1765 805 1828 confunditur
832 1767 1001 1844 diabolus3

239 1867 382 1943 aperitur
396 1864 559 1942 peccatori
575 1865 718 1924 caelurn:
734 1873 890 1940 purgatur
900 1881 1001 1926 omne
1072 1887 1074 1894 ’

205 1965 404 2026 redelictum.
457 1963 517 2024 Vis
553 1979 618 2022 non
654 1961 771 2022 timere
806 1961 1002 2024 diabolum?

240 2061 624 2137 Humiliatemetipsum.
646 2057 1002 2122 Solaenimhumilitas
1072 2053 1074 2080 ¹

239 2158 413 2218 universos
435 2157 554 2218 diaboli
578 2158 713 2234 laqueos
738 2157 862 2218 evadita
885 2167 1002 2234 poten·

238 2256 383 2332 tiamque
397 2256 586 2331 prosternit.
613 2254 783 2332 Quotquot
793 2255 910 2316 deiecti
922 2267 1019 2318 sunt-

240 2364 272 2414 et
293 2353 437 2430 decepti:
467 2370 526 2429 per
547 2351 668 2413 mentis
696 2351 870 2412 elationem
896 2352 1002 2414 inilati

203 2451 438 2512 ooceciderunt.
469 2451 546 2512 Esto
568 2467 645 2527 ergo
660 2449 796 2509 humilis
817 2459 849 2510 et
866 2449 942 2510 vilis
964 2449 1003 2510 in

240 2549 344 2609 oculis
374 2549 456 2610 tuis:
487 2567 529 2610 ne
558 2549 628 2608 Deo
657 2545 831 2624 displiceas
862 2558 895 2608 et
923 2565 1002 2608 curn

240 2647 367 2708 diabolo
383 2664 527 2708 corruas.
551 2646 634 2706 Nam
646 2645 772 2706 caelum
784 2662 849 2705 non
861 2645 1004 2722 suscipit

240 2745 303 2805 nisi
315 2745 547 2820 humiles;nec
559 2745 650 2804 Deus
666 2742 756 2820 eligit
766 2743 829 2803 nisi
840 2743 1003 2804 humiles:

240 2860 301 2903 nec
324 2843 428 2903 iustos
450 2841 604 2919 approbat
626 2840 688 2901 nisi
711 2840 777 2900 sint
798 2839 952 2900 hurniles.

579 3141 659 3196 288
