2138 4196
79 461 362 515 mm
422 460 495 502 1178
556 461 838 513 ἵελὶὶἵῶἱῐᾶὓὶὃῖὢ

80 605 247 655 externam
271 594 441 654 hominurn
471 594 690 670 apparentiam
713 605 837 656 tantum

80 693 258 770 aspexeris.
295 692 329 753 Si
346 690 433 751 enirn
456 701 547 751 tuurn
571 691 604 751 in
620 692 692 752 aliis
708 693 839 768 quaeris

80 791 238 853 solacium
262 799 295 850 et
317 791 461 849 lucrum:
484 789 609 850 senties
630 791 763 866 saepius
785 791 838 851 de·

79 890 281 950 trimentum.
304 887 338 948 Si
354 887 485 964 quaeris
501 887 533 947 in
549 887 702 948 omnibus
715 889 837 949 Iesum:

8 1013 10 1020 >
80 987 232 1047 invenies
248 986 361 1062 utique
378 986 496 1047 Iesum.
533 986 566 1047 Si
584 998 691 1047 autern
707 987 861 1063 quaeriss

80 1097 109 1146 te
131 1086 261 1162 ipsum,
284 1083 434 1144 invenies
456 1083 552 1144 etiam
575 1093 607 1144 te
629 1083 754 1160 ipsum:
780 1084 838 1144 sed

80 1186 117 1245 ad
147 1196 237 1244 tuam
270 1182 459 1259 perniciem.
511 1182 590 1242 Plus
621 1182 708 1242 enim
740 1184 838 1242 homo

79 1283 230 1343 nocivior
247 1281 309 1340 sibi
325 1281 353 1340 si
371 1280 478 1340 Iesum
496 1297 561 1339 non
577 1280 719 1356 quaerit:
741 1297 837 1357 quarn

79 1391 166 1441 totus
188 1379 334 1439 mundus
356 1388 387 1438 et
410 1394 526 1437 omnes
548 1377 599 1437 sui
622 1377 809 1439 adversarii.

125 1577 181 1636 DE
206 1573 434 1635 FAMILIARI
458 1571 664 1635 AMICITIA
688 1573 793 1634 IESV.
851 1589 875 1629 ιο

314 1729 520 1778 eAanuvn
538 1729 608 1778 vin.

78 1805 319 2036 &vando
343 1865 437 1926 lesus
465 1866 557 1926 adest
585 1875 687 1926 totum
716 1866 837 1926 bonum

218 1975 282 2024 est:
298 1981 360 2024 nec
371 1965 544 2041 quicquam
556 1964 690 2024 difficile
701 1964 838 2024 videtur.

79 2062 223 2141 Quando
243 2079 322 2122 vero
339 2062 431 2122 Iesus
447 2078 513 2122 non
528 2063 634 2123 adest:
657 2071 759 2121 totum
782 2061 839 2120 du-

79 2178 151 2221 rurn
164 2169 226 2219 est.
248 2157 389 2236 Quando
401 2161 494 2220 lesus
505 2160 594 2220 intus
604 2176 670 2220 non
681 2159 837 2235 loquitur:
851 2178 875 2218 rs

78 2257 264 2318 consolatio
279 2257 355 2318 vilis
370 2269 428 2318 est.
461 2257 494 2318 Si
511 2267 618 2318 autern
631 2258 724 2317 Iesus
736 2274 837 2318 unum

78 2365 205 2416 tanturn
216 2356 354 2415 verbum
366 2355 650 2431 loquiturzmagna
660 2355 838 2415 consolatio

78 2454 231 2514 sentitur.
267 2453 386 2512 Nonne
402 2453 507 2513 Maria
522 2453 716 2529 Magdalena
730 2451 837 2512 statim

78 2551 224 2612 surrexit
254 2551 294 2610 de
323 2552 394 2612 Ioco
419 2551 452 2611 in
481 2568 546 2626 quo
576 2549 681 2624 flevit3
709 2552 838 2626 quando

79 2649 213 2710 Martha
235 2649 281 2709 illi
304 2649 394 2724 dixit,
415 2649 569 2725 magister
586 2649 677 2709 adest
699 2657 731 2708 et
746 2658 875 2708 vocata

79 2748 137 2807 te?
181 2747 273 2807 Felix
295 2748 390 2806 hora:
415 2747 544 2823 quando
568 2746 660 2806 Iesus
683 2755 777 2806 vocat
798 2746 838 2806 de

79 2844 225 2905 lacrimis
248 2845 287 2904 ad
302 2844 454 2921 gaudium
471 2844 614 2919 spiritus.
648 2842 755 2920 Quam
778 2843 838 2903 ari-

80 2943 141 3003 dus
171 2953 205 3003 et
235 2944 338 3003 durus
367 2959 404 3002 es
432 2942 505 3002 SIne
528 2943 612 3002 lesu.
655 2940 762 3018 Quam
791 2942 838 3002 in-

79 3041 206 3116 sipiens
229 3050 262 3100 et
283 3057 404 3100 vanus:
433 3040 460 3099 si
484 3039 577 3115 cupis
605 3039 726 3115 aliquid
748 3048 838 3099 extra

81 3139 201 3199 lesum.
241 3138 361 3198 Nonne
383 3139 444 3197 hoc
467 3147 518 3197 est
539 3136 645 3197 maius
667 3138 874 3212 damnum32s

79 3253 176 3312 quarn
192 3235 221 3295 si
238 3244 343 3310 toturn
359 3235 514 3310 perderes
530 3235 715 3295 mundum?
749 3234 837 3312 Quid

80 3345 186 3409 potest
207 3333 267 3393 tibi
290 3333 434 3392 mundus
461 3332 611 3392 conferre
641 3332 713 3392 sine
736 3333 838 3392 lesu?

81 3433 162 3493 Esse
190 3433 265 3492 sine
292 3431 366 3490 Iesu
395 3429 504 3506 gravis
533 3440 583 3490 est
611 3430 776 3490 infernus:
806 3440 838 3490 et

80 3546 155 3590 esse
176 3547 252 3590 curn
270 3530 346 3589 lesu
362 3528 467 3589 dulcis
481 3529 660 3604 paradisus.
690 3528 723 3589 Si
741 3528 838 3588 fuerit

448 3631 472 3673 τι
