2138 4196
83 465 350 519 &mm
408 466 450 509 1111
469 466 492 508 ¹⁷
546 466 827 520 mmmm

84 600 202 660 nodum
218 617 359 661 cernens
373 600 459 660 inter
473 600 624 661 homines
637 600 745 660 lesum
761 617 826 660 am-

84 697 234 758 bulantem
257 698 351 760 valde
374 715 410 758 se
426 698 603 760 humilians
618 699 736 758 devoto
752 715 825 758 cum

83 793 189 856 affectu
211 795 348 873 dicebat,
369 797 494 858 amicus
512 806 619 858 autem
636 796 748 873 sponsi
770 797 825 873 qui

83 902 186 954 stater
207 894 295 955 audit
317 912 392 955 eum
414 894 531 971 gaudio
552 894 670 972 gaudet
695 903 828 970 propter

83 1007 185 1050 vocem
201 992 333 1068 sponsi3
350 993 398 1053 sic
414 1003 447 1054 et
461 1009 520 1070 ego
536 992 663 1069 magnis
678 1001 709 1052 et
724 991 850 1053 sacriss

82 1088 243 1150 desideriis
259 1099 334 1166 opto
350 1091 561 1152 inflammari:
584 1100 615 1151 et
632 1089 688 1150 tibi
705 1105 745 1149 ex
760 1097 827 1150 toto

82 1186 169 1246 corde
197 1204 250 1247 me
279 1187 386 1264 ipsum
417 1198 636 1265 praesentare.
677 1187 772 1248 Vnde
796 1196 828 1246 et

81 1284 215 1344 omnium
231 1285 424 1347 devotorum
440 1286 588 1347 cordium
610 1285 828 1360 iubilationes,

81 1381 221 1442 ardentes
244 1382 393 1459 affectus,
419 1384 579 1444 mentales
601 1399 769 1456 excessus,
791 1398 827 1440 ac

81 1482 336 1556 supernaturales
358 1481 615 1543 illuminationes
637 1491 670 1543 et
689 1479 827 1540 caelicas
839 1499 864 1541 ro

80 1576 215 1638 visiones
239 1578 295 1639 tibi
318 1579 422 1640 offero
449 1589 481 1639 et
502 1579 640 1640 exhibeo
664 1595 737 1638 curn
760 1594 828 1637 om·

81 1672 168 1734 nibus
181 1675 357 1736 virtutibus
372 1687 404 1736 et
419 1676 570 1737 laudibus
585 1676 624 1735 ab
639 1675 727 1735 omni
740 1691 827 1734 crea·

79 1779 143 1831 tura
170 1773 203 1833 in
232 1774 323 1834 caelo
354 1783 386 1834 et
414 1773 448 1834 in
478 1782 565 1833 terra
595 1771 767 1833 celebratis
796 1782 828 1832 et

80 1869 275 1931 celebrandis
297 1888 355 1947 pro
377 1888 430 1930 me
459 1879 491 1931 et
513 1870 665 1930 omnibus
691 1869 770 1929 mihi
794 1869 827 1929 in

80 1967 216 2029 oratione
232 1968 484 2044 commendatis3
502 1968 655 2045 quatinus
670 1968 709 2027 ab
725 1967 864 2030 omni-15

79 2062 133 2123 bus
147 2065 244 2142 digne
260 2066 418 2127 lauderis:
434 2075 466 2127 et
481 2067 718 2143 inperpetuum
731 2065 827 2142 glori·

80 2159 188 2223 liceris.
233 2163 355 2241 Accipe
376 2172 451 2225 vota
477 2181 549 2224 mea
571 2163 712 2224 Domine
735 2164 826 2223 Deus

79 2275 164 2320 meus
199 2271 232 2321 et
263 2261 425 2321 desideria
456 2261 601 2322 inlinitae
632 2260 826 2321 laudationis

78 2372 110 2414 ae
143 2357 323 2418 immensae
357 2358 615 2420 benedictionis:
650 2376 733 2436 quae
769 2359 824 2418 tibi

78 2456 251 2516 secundum
263 2455 503 2517 multitudinem
514 2455 690 2518 ineffabilis
705 2456 827 2534 magni<
836 2479 863 2520 aa

79 2550 190 2612 tudinis
222 2562 297 2613 tuae
328 2552 399 2613 iure
428 2553 597 2615 debentur.
648 2554 738 2614 Haec
769 2554 825 2614 tibi

78 2649 168 2710 reddo
190 2659 223 2711 et
248 2650 385 2711 reddere
413 2651 564 2712 desidero
593 2669 652 2729 per
679 2652 826 2729 singulos

78 2743 140 2806 dies
171 2757 203 2808 et
232 2758 398 2810 momenta
428 2759 628 2827 temporum:
659 2759 756 2826 atque
786 2750 825 2809 ad

78 2844 271 2907 reddendum
294 2863 423 2908 meeum
443 2847 499 2908 tibi
514 2848 633 2924 gratias
656 2857 688 2908 et
702 2849 826 2924 laudes,

77 2956 183 3004 omnes
198 2944 359 3005 caelestes
370 2944 504 3022 spiritus
515 2955 547 3005 et
562 2956 697 3007 cunctos
711 2946 826 3008 fideles
836 2967 863 3009 25

77 3045 142 3100 tuos
164 3041 317 3117 precibus
340 3052 372 3102 et
393 3041 565 3104 affectibus
594 3042 695 3102 invito
719 3052 750 3103 et
772 3059 826 3102 ex·

77 3150 136 3197 oro.
178 3139 325 3200 Laudent
346 3149 378 3199 te
407 3140 552 3201 universi
582 3139 692 3216 populi
722 3140 825 3201 tribus

77 3240 104 3291 et
135 3235 281 3314 linguae:
317 3245 349 3297 et
380 3246 527 3299 sanctum
559 3255 596 3298 ac
632 3237 824 3298 mellifluum

76 3345 188 3393 nomen
210 3343 302 3394 tuum
325 3351 399 3395 cum
422 3352 550 3395 summa
574 3335 764 3398 iubilatione
793 3347 826 3397 et

75 3428 190 3493 ardenti
222 3431 395 3492 devotione
424 3433 641 3510 magnificent.
689 3434 727 3494 Et
756 3436 862 3512 qui-au

76 3539 208 3603 cumque
230 3539 420 3591 reverenter
441 3547 477 3590 ac
496 3531 612 3592 devote
628 3532 822 3594 altissimum

429 3635 467 3676 iss
