2146 4194
218 423 339 476 &m
411 422 450 466 DE
467 421 646 465 lMITATIONE
662 420 786 464 CHRISTI
856 419 980 473 m

219 556 360 633 requiro.
403 557 494 616 Haec
517 565 567 616 est
589 555 725 615 veritas:
756 571 819 631 qua
848 554 980 631 fugatur

218 654 340 731 gloriae
363 654 497 714 vanitas.
528 653 566 714 Et
588 652 615 712 si
634 651 802 712 intraverit
824 651 980 712 caelestis

218 753 319 828 gratia
341 763 373 814 et
395 770 472 812 vera
494 751 628 826 caritas3
650 767 716 810 non
731 750 792 810 erit
807 749 915 827 aliqua
932 750 980 810 in·

219 851 314 927 vidia,
325 868 385 911 nec
395 849 572 916 contractio
581 848 703 908 cordis:
715 864 822 924 neque
831 848 981 924 privatus

195 948 498 1025 samoroccupabit.
528 946 637 1008 Vincit
648 946 735 1005 enim
748 946 982 1006 omniadivina
1060 993 1061 998 1

218 1046 351 1107 caritas:
381 1057 413 1107 et
442 1046 551 1106 dilatat
579 1062 695 1105 omnes
724 1044 850 1104 animae
877 1043 981 1104 vires.

218 1144 252 1205 si
276 1155 363 1204 recte
385 1143 474 1219 sapis
503 1142 536 1202 in
561 1158 614 1201 me
642 1141 712 1200 solo
741 1140 915 1217 gaudebis,
946 1140 982 1199 in

218 1259 271 1302 me
293 1242 363 1301 solo
385 1239 533 1317 sperabis
541 1257 550 1315 ;
572 1239 647 1315 quia
669 1254 767 1298 nemo
788 1238 893 1297 bonus
912 1237 980 1297 nisi

218 1339 309 1398 solus
339 1338 446 1397 Deus:
478 1337 533 1413 qui
566 1347 616 1396 est
644 1353 745 1412 super
772 1335 881 1396 omnia
911 1337 982 1395 lau·

185 1436 344 1498 todandus
366 1435 452 1496 etin
475 1435 628 1495 omnibus
650 1432 905 1494 benedicendus.

127 1656 130 1661 -
220 1630 346 1708 Qvoo
365 1628 531 1691 sanato
549 1628 714 1691 nvnoo
731 1627 878 1690 uvtca
899 1628 982 1689 Est

444 1726 628 1788 sanvtna
652 1726 751 1788 ono.

471 1881 676 1932 CAPITVLVM
695 1882 724 1930 Χ.

219 1963 401 2180 fflvnc
423 2019 540 2080 iterum
564 2019 678 2095 loquar
694 2018 835 2079 Domine
857 2029 889 2078 et
913 2037 985 2080 non
1065 2088 1066 2110 χ

88 2127 91 2135 “
187 2137 211 2178 ts
351 2118 471 2193 silebo;
494 2117 598 2177 dicam
621 2116 654 2176 in
675 2116 808 2176 auribus
824 2117 886 2177 Dei
903 2119 986 2193 mei,
1065 2195 1066 2200 ἵ

221 2213 352 2273 Domini
384 2213 448 2273 mei
478 2223 510 2274 et
541 2213 638 2291 Regis
668 2213 749 2274 mei:
780 2215 834 2291 qui
865 2225 918 2276 est
949 2216 986 2275 in

220 2312 360 2372 excelso.
403 2311 432 2373 Ο
456 2328 551 2388 quam
575 2328 690 2388 magna
714 2312 887 2372 multitudo
911 2314 987 2374 dul-

220 2410 345 2470 cedinis
367 2420 440 2470 tuae
465 2410 622 2470 Domine:
652 2426 749 2486 quam
778 2411 987 2474 abscondisti

220 2507 409 2568 timentibus
438 2516 480 2567 te.
523 2505 587 2567 Sed
617 2507 694 2583 quid
717 2523 754 2566 es
778 2507 988 2586 amantibus;

184 2605 298 2681 aoquid
320 2615 387 2665 toto
409 2604 506 2664 corde
528 2604 585 2664 tibi
609 2604 856 2665 servientibus?
892 2607 989 2668 Vere

221 2702 396 2762 ineffabilis
418 2702 557 2761 dulcedo
580 2702 863 2778 contemplationis
888 2714 988 2765 tuae:

222 2817 318 2876 quam
330 2799 456 2876 largiris
467 2799 651 2860 amantibus
661 2809 703 2860 te.
720 2800 756 2860 ln
767 2802 828 2861 hoc
838 2802 990 2863 maxime

222 2897 392 2958 ostendisti
409 2897 489 2957 mihi
506 2897 712 2957 dulcedinem
731 2897 873 2958 caritatis
895 2907 990 2976 tuae,

223 2994 299 3071 quia
320 3012 394 3054 cum
417 3011 482 3054 non
502 3010 611 3055 essem
636 2995 742 3056 fecisti
765 3013 834 3055 me:
857 3005 989 3058 etcum

185 3109 366 3154 asenarem
389 3092 484 3169 longe
507 3102 588 3168 ate,
611 3092 768 3153 reduxisti
785 3108 838 3153 me
855 3103 891 3153 ut
914 3111 991 3154 ser·

224 3189 326 3250 vitem
349 3190 423 3251 tibi:
452 3201 484 3251 et
505 3190 699 3267 praecepisti
728 3202 764 3252 ut
785 3191 917 3268 diligam
942 3203 991 3255 te.

224 3286 253 3348 Ο
278 3287 351 3347 lons
373 3288 494 3347 amoris
516 3289 675 3365 perpetui.
708 3288 796 3365 Quid
819 3287 926 3347 dicam
945 3291 991 3351 de

224 3384 283 3445 te?
325 3384 499 3461 Quomodo
521 3395 633 3462 potero
660 3385 706 3446 tui
729 3385 896 3461 oblivisci3
928 3389 991 3464 qui

225 3481 288 3540 mei
317 3481 467 3557 dignatus
494 3498 530 3541 es
559 3481 739 3557 recordari,
768 3482 864 3542 etiam
895 3494 992 3558 post-

584 3585 622 3627 toa
