2178 4186
222 418 303 471 &m
346 415 488 461 LIBELLVS
504 415 688 459 81³1ananss
704 415 854 458 Exenclrll
898 416 981 468 &U
1075 392 1076 396 Ἰ

223 551 416 628 confundes,
438 560 570 611 sanctos
584 548 777 610 honorabis:
800 559 832 610 et
849 549 883 609 in
899 566 981 625 pace

224 648 349 710 Christi
373 648 517 709 dormies
540 657 573 708 et
595 647 795 724 requiesces,

355 845 412 905 DE
434 841 621 905 VIRTVTE
643 840 847 941 ancTnE

430 938 772 1002 OBOEDIENTIAE.

200 1115 214 1156 5
462 1099 667 1151 CAPITVLVM
686 1100 742 1149 llll.

222 1180 530 1402 &inanissima
545 1237 597 1297 via
612 1237 651 1297 ad
674 1236 800 1297 caelum
820 1245 871 1296 est
893 1247 980 1297 stare

350 1337 383 1397 in
406 1334 629 1410 oboedientia3
651 1345 683 1394 et
697 1334 810 1394 vivere
832 1333 894 1394 sub
916 1334 982 1394 dis·

224 1435 359 1510 ciplina:
389 1450 449 1494 nec
479 1431 608 1508 propria
636 1431 682 1492 uti
712 1431 869 1492 libertate.
913 1430 980 1507 Qui

223 1533 369 1608 perfecte
385 1548 421 1592 se
437 1530 556 1591 subicit
572 1529 696 1590 bomini
713 1539 845 1606 propter
858 1531 982 1604 Deum;

189 1649 214 1690 ro
224 1629 310 1690 dabit
339 1629 369 1689 ei
393 1629 555 1689 Dominus
582 1627 718 1706 gratiam
747 1628 924 1704 specialem
946 1628 981 1687 in

224 1727 402 1802 praesenti:
418 1736 450 1787 et
465 1726 617 1786 exaltabit
632 1741 707 1785 eum
722 1725 756 1785 in
770 1724 873 1802 gloria
888 1741 982 1784 sanc·

224 1835 341 1884 torum.
370 1822 448 1884 Tam
465 1823 520 1883 diu
536 1823 598 1883 erit
612 1822 653 1882 lis
668 1822 702 1882 in
718 1822 867 1882 homine:
882 1838 980 1899 quarn

224 1923 279 1982 diu
302 1921 459 1982 manserit
481 1920 514 1981 in
536 1920 667 1997 propria
681 1921 857 1981 voluntate.
889 1920 982 1979 Deus

224 2017 395 2079 sufficiens
411 2028 461 2079 est
477 2035 575 2078 causa
590 2028 622 2079 et
637 2017 734 2078 ratio:
751 2018 790 2078 ad
806 2017 982 2078 oboedien-

192 2131 215 2172 ιε
225 2117 301 2180 dum
324 2116 477 2192 praelatis
499 2116 631 2177 nostris.
673 2116 779 2177 Multo
807 2113 909 2175 tutius
931 2124 983 2174 est

225 2213 395 2274 oboedire:
418 2232 514 2291 quam
536 2214 736 2291 praecipere.
766 2213 842 2275 Cito
864 2212 927 2273 erit
948 2212 983 2272 in

225 2327 321 2386 pace:
344 2312 398 2388 qui
423 2312 486 2372 cito
508 2328 544 2372 se
567 2311 686 2372 subicit
701 2320 733 2371 et
748 2308 887 2369 oboedir.
924 2308 985 2369 Vir

225 2409 405 2468 oboediens
428 2409 572 2486 loquitur
593 2408 746 2469 victorias
768 2407 811 2467 ait
832 2405 984 2482 sapiens:

225 2515 257 2566 et
287 2506 341 2582 qui
372 2505 554 2566 recalcitrat
586 2505 753 2566 stimulum
782 2505 922 2581 patietur
950 2514 985 2564 et

188 2603 327 2667 zocadet.
370 2602 404 2663 Si
427 2602 493 2664 vita
521 2603 659 2664 alicuius
687 2603 820 2679 praelati
844 2614 986 2665 nonest

225 2701 269 2762 ita
291 2700 435 2776 perfecta
457 2710 489 2761 et
511 2701 683 2761 laudabilis
709 2701 795 2761 sicut
822 2710 927 2761 status
950 2711 986 2761 et

225 2798 304 2858 ordo
336 2797 488 2875 requirit3
523 2809 557 2860 tu
589 2809 697 2859 tamen
728 2798 896 2859 benefacis
927 2798 986 2858 ob·

226 2895 386 2956 oediendo
409 2895 442 2954 in
464 2896 567 2956 bono:
592 2895 668 2972 quia
689 2913 755 2955 non
776 2896 816 2955 ab
838 2893 986 2970 homine,

225 2993 283 3053 sed
315 3009 333 3052 a
366 2994 436 3053 Deo
466 2992 647 3068 praemium
679 2991 831 3069 accipies.
882 2992 986 3052 Disce

189 3099 432 3166 aspraesentem
456 3106 554 3166 quem
577 3090 678 3149 habes
694 3090 854 3166 patienter
879 3089 985 3150 ferre:

227 3197 261 3246 ut
283 3187 395 3247 mitius
417 3187 503 3246 feras
526 3197 729 3264 sequentem.
759 3187 792 3248 si
810 3189 898 3247 hunc
916 3204 985 3247 non

226 3283 384 3343 haberes:
421 3283 556 3344 forsitan
592 3284 757 3345 duriorem
793 3284 987 3346 sustinebis.

227 3378 365 3456 Oportet
395 3391 427 3440 te
460 3398 561 3441 unum
593 3382 714 3442 habere
745 3397 807 3440 nec
837 3398 896 3457 pro
928 3391 987 3442 tuo

227 3477 319 3537 libitu
342 3477 492 3536 invenies
514 3477 674 3554 aliquem:
699 3477 795 3538 etiam
821 3477 849 3537 si
871 3477 988 3553 plures

583 3581 623 3624 ast
