2142 4194
213 431 335 482 mm
405 430 638 473 DEIMITATIONE
654 431 779 474 CHRISTI
849 433 977 486 &KQ

214 573 246 624 et
267 565 422 641 prudens,
444 564 498 640 qui
519 565 592 624 talis
607 582 694 625 nunc
710 565 824 626 nititur
839 583 914 626 esse
938 567 975 626 in

214 662 295 722 vita:
311 661 417 738 qualis
432 672 519 738 optat
532 663 673 724 inveniri
689 663 722 724 in
733 673 848 724 morte.
874 664 976 724 Dabit
1068 679 1069 682 ’

213 776 355 835 namque
384 775 533 836 magnam
563 759 714 820 fiduciam
740 760 879 820 feliciter
903 778 975 821 mo·

214 857 319 917 riendi
336 856 503 932 perlectus
526 866 732 933 contemptus
755 858 885 934 mundi3
907 859 975 920 ier·

190 971 295 1014 avens
306 954 506 1015 desiderium
522 954 555 1015 in
570 955 744 1016 virtutibus
759 955 973 1031 proficiendi:

212 1052 973 1131 amordisciplinaelaborpaenitentiae3promp-

211 1150 315 1211 titudo
328 1150 565 1227 oboedientiae,
580 1151 749 1227 abnegatio
765 1153 830 1213 sui:
846 1163 878 1214 et
893 1170 972 1229 sup·

211 1247 349 1324 portatio
371 1248 548 1308 cuiuslibet
562 1249 768 1310 adversitatis
783 1268 842 1327 pro
857 1267 971 1311 amore

212 1345 349 1407 Christi.
392 1346 497 1406 Multa
518 1347 603 1406 bona
624 1355 718 1423 potes
740 1349 867 1424 operari
890 1349 968 1408 dum

178 1460 313 1503 rosanus
344 1460 398 1504 es:
435 1444 493 1504 sed
529 1443 712 1505 infirmatus
745 1446 858 1505 nescio
889 1445 969 1522 quid

211 1541 344 1617 poteris.
373 1542 471 1602 Pauci
487 1557 527 1601 ex
538 1541 724 1603 infirmitate
740 1543 968 1604 meliorantur:

212 1639 260 1698 sic
289 1649 321 1699 et
349 1640 404 1716 qui
434 1639 572 1699 multum
600 1639 865 1717 peregrinantur,
894 1659 968 1701 raro

212 1737 465 1797 sanctificantur.
477 1735 552 1796 Noli
562 1736 727 1797 confidere
736 1739 969 1815 superamicos

212 1843 244 1894 et
265 1833 448 1910 proximos3
476 1851 537 1893 nec
567 1833 767 1896 infuturum
797 1845 884 1896 tuam
908 1837 970 1897 dii·

178 1932 299 1992 isleras
323 1932 478 1992 salutem:
508 1931 583 2007 quia
612 1932 708 1992 citius
732 1932 971 1993 obliviscentur

211 2031 256 2090 tui
280 2030 432 2090 homines
454 2045 550 2104 quam
573 2029 736 2090 aestimas.
772 2030 896 2090 Melius
917 2040 970 2090 est

210 2147 298 2189 nunc
329 2126 523 2204 tempestive
554 2127 746 2202 providere,
782 2137 814 2187 et
844 2127 969 2204 aliquid

210 2226 287 2286 boni
315 2226 540 2303 praemittere:
572 2242 668 2301 quam
700 2241 801 2300 super
828 2224 968 2285 aliorum

211 2324 331 2384 auxilio
360 2339 502 2400 sperare.
546 2322 580 2382 Si
603 2340 669 2382 non
692 2339 728 2382 es
756 2338 815 2397 pro
840 2321 967 2398 teipso

173 2422 372 2482 aosollicitus
393 2420 506 2480 modo:
536 2418 611 2495 quis
632 2419 694 2479 erit
718 2419 879 2479 sollicitus
907 2436 967 2494 pro

210 2525 241 2575 te
271 2516 303 2575 in
334 2516 469 2576 futuro?
512 2517 607 2576 Nunc
636 2525 766 2592 tempus
793 2525 843 2576 est
871 2516 967 2577 valde

210 2614 406 2688 pretiosum:
428 2630 516 2673 nunc
538 2621 615 2672 sunt
637 2612 708 2673 dies
723 2613 855 2674 salutis:
878 2630 967 2674 nunc

209 2720 339 2787 tempus
361 2711 569 2786 acceptabile.
598 2710 663 2771 Sed
685 2728 743 2786 pro
764 2710 857 2770 dolor
878 2710 967 2786 quod

209 2810 272 2868 hoc
301 2808 413 2869 utilius
441 2826 506 2868 non
534 2808 707 2884 expendis:
737 2807 770 2867 in
800 2824 864 2884 quo
893 2825 967 2884 pro·

172 2923 198 2964 25
210 2906 328 2966 mereri
366 2908 457 2967 vales
492 2906 579 2965 unde
619 2906 828 2967 aeternaliter
862 2905 967 2967 vivas.

209 3004 345 3078 Veniet,
373 3004 501 3080 quando
523 3021 624 3063 unum
655 3004 740 3065 diem
764 3021 823 3064 seu
850 3004 966 3063 horam

209 3118 267 3177 pro
290 3101 518 3161 emendatione
543 3101 760 3161 desiderabis:
790 3111 822 3160 et
850 3101 966 3161 nescio

209 3215 248 3256 an
271 3197 469 3274 impetrabis.
500 3198 557 3258 Eia
579 3197 759 3273 carissime,
781 3198 820 3258 de
843 3208 966 3273 quanto

208 3295 354 3370 periculo
386 3305 417 3356 te
452 3296 575 3372 poteris
607 3295 763 3370 liberare,
794 3295 834 3354 de
866 3311 965 3370 quam

170 3409 324 3469 somagno
347 3393 464 3453 timore
486 3393 630 3469 eripere:
660 3393 687 3452 si
711 3394 807 3453 modo
832 3409 966 3469 semper

207 3491 377 3550 timoratus
400 3491 503 3551 luetis
532 3502 563 3551 et
585 3502 759 3567 suspectus
785 3490 825 3549 de
848 3501 965 3551 morte.

572 3595 599 3636 to
