2142 4194
231 469 352 521 &m
426 469 465 510 DE
481 469 659 512 lMlTATIONE
674 469 798 511 CHRISTI
867 469 992 522 w&

233 603 395 665 desideria
406 602 627 664 sensualitatis
643 603 681 663 ad
692 591 914 678 spatiandum;
930 604 992 663 sed

234 719 307 762 cum
330 704 411 762 hora
432 701 598 763 transierit
619 701 696 777 quid
712 701 775 760 nisi
797 701 992 778 gravitatem

234 800 454 861 conscientiae
484 808 516 859 et
540 799 648 859 cordis
677 798 916 875 dispersionem
941 817 993 859 re-

233 899 369 974 portas?
399 899 518 958 Laetus
533 898 640 958 exitus
655 897 781 957 tristem
804 914 902 973 saepe
918 899 994 958 red·

211 996 314 1056 situm
331 995 429 1072 parit:
452 1006 484 1056 et
502 997 585 1056 laeta
600 995 710 1072 vigilia
731 995 875 1055 serotina
897 995 993 1056 triste

234 1111 329 1154 mane
353 1094 437 1154 lacit.
480 1094 534 1155 Sic
564 1110 661 1153 omne
686 1093 815 1153 carnale
835 1093 993 1169 gaudium

233 1193 350 1253 blande
373 1192 486 1251 intrat:
508 1191 567 1251 sed
589 1190 622 1249 in
644 1189 708 1249 line
723 1191 850 1250 mordet
865 1200 897 1251 et
918 1209 994 1266 per-

235 1289 315 1350 imit.
358 1290 446 1367 Quid
467 1297 561 1365 potes
583 1288 658 1347 alibi
681 1288 804 1363 videre,
828 1288 914 1364 quod
937 1289 994 1349 hic

235 1405 300 1448 non
332 1387 454 1447 vides?
506 1387 589 1447 Ecce
621 1388 747 1446 caelum
780 1396 812 1447 et
843 1395 928 1446 terra
962 1397 995 1446 et

202 1485 345 1545 raomnia
360 1486 538 1546 elementa:
556 1502 630 1544 nam
647 1502 687 1544 ex
702 1484 775 1544 istis
791 1483 900 1543 omnia
914 1493 995 1544 sunt

237 1584 330 1644 lacta.
374 1582 462 1659 Quid
484 1592 577 1659 potes
606 1581 724 1642 alicubi
746 1581 875 1657 videre3
904 1581 994 1657 quod

236 1681 289 1742 diu
312 1691 419 1757 potest
441 1682 501 1741 sub
523 1682 593 1742 sole
615 1679 835 1758 permanere?
871 1677 995 1738 Credis

236 1789 267 1839 te
290 1779 425 1839 forsitan
448 1779 574 1839 satiari:
604 1778 662 1838 sed
686 1795 751 1837 non
775 1776 897 1852 poteris
919 1793 995 1850 per·
1062 1845 1063 1852 ἵ

236 1877 371 1952 tingere.
420 1877 454 1938 Si
484 1885 601 1937 cuncta
629 1875 760 1936 videres
790 1874 995 1950 praesentia3
1062 1897 1063 1908 ¹

203 1976 314 2052 isquid
337 1985 425 2036 esset
446 1975 510 2035 nisi
526 1974 610 2034 visio
632 1974 741 2032 vana?
777 1972 864 2032 Leva
878 1972 996 2031 oculos

237 2084 311 2134 tuos
342 2075 381 2134 ad
404 2075 510 2134 Deum
540 2073 573 2132 in
603 2071 760 2131 excelsis:
790 2079 822 2130 et
849 2085 906 2128 ora
934 2087 996 2145 pro

238 2171 380 2246 peccatis
395 2171 460 2232 tuis
476 2180 507 2231 et
517 2167 742 2246 neglegentiis.
764 2167 899 2230 Dimitte
910 2183 998 2226 vana

238 2269 347 2328 vanis:
376 2278 410 2328 tu
439 2276 546 2328 autem
576 2267 708 2327 intende
737 2265 803 2326 illis
830 2281 913 2340 quae
936 2264 996 2325 tibi

238 2366 403 2443 praecepit
418 2367 519 2426 Deus.
548 2364 675 2426 Claude
698 2380 797 2438 super
818 2371 850 2422 te
872 2361 996 2422 ostium

202 2473 343 2525 20tuum:
359 2473 391 2524 et
403 2480 484 2523 voca
499 2462 537 2521 ad
553 2471 584 2522 te
596 2462 704 2521 lesum
721 2459 874 2520 dilectum
891 2470 997 2520 tuum.

239 2562 338 2622 illane
356 2578 429 2620 cum
446 2577 485 2620 eo
501 2559 534 2619 in
550 2560 648 2619 cella:
671 2557 826 2634 quianon
843 2557 999 2616 invenies

239 2657 314 2718 alibi
336 2667 455 2718 tantam
478 2674 602 2733 pacem.
638 2655 760 2716 Sinon
784 2654 912 2715 exisses
934 2671 998 2724 nec¹
1062 2633 1063 2678 ³

239 2755 412 2832 quicquam
430 2755 469 2814 de
485 2753 671 2813 rumoribus
688 2751 854 2812 audisses:
876 2751 999 2812 melius

240 2852 373 2912 inbono
394 2868 473 2928 pace
488 2849 737 2927 permansisses.
768 2850 814 2910 Ex
831 2866 896 2925 quo
911 2866 999 2909 nova

204 2951 380 3010 zsdelectat
401 2947 574 3024 aliquando
590 2946 718 3007 audire:
741 2954 867 3022 oportet
889 2954 920 3004 te
944 2962 999 3005 ex-

241 3047 317 3107 inde
340 3046 556 3106 turbationem
580 3043 688 3105 cordis
710 3044 859 3104 tolerare.

592 3261 646 3316 88
