2160 4194
252 465 333 519 &m
378 467 520 512 LIBELLVS
535 468 887 514 splnlrvnllsexenclrll
930 470 1013 523 m

253 610 381 660 etcum
410 601 495 662 bona
517 601 635 663 liducia
662 603 892 665 necessitatem
921 614 1010 665 tuam

253 699 415 775 precando
444 701 564 760 revela.
616 700 706 762 Licet
734 701 821 762 enirn
851 702 948 762 modo
976 702 1011 763 in

253 812 369 873 magna
399 797 465 858 sint
494 798 612 875 gloria:
649 798 781 860 fuerunt
814 809 924 860 tamen
955 800 1011 860 ali·

253 895 382 971 quando
404 895 438 955 in
462 896 596 957 miseria
619 907 739 958 nostra.
782 896 912 957 Norunt
933 913 1010 974 ergo

232 991 384 1052 smiseris
407 993 539 1054 caritate
560 994 666 1071 pleni,
695 994 825 1071 plenius
849 995 1011 1055 misereri.

254 1088 330 1149 Sive
346 1090 434 1151 intus
449 1091 497 1152 sis
512 1092 583 1153 sive
599 1092 686 1153 iores
701 1091 888 1154 transieris:
903 1092 1012 1152 anima

252 1198 307 1246 tua
335 1187 368 1248 in
390 1189 541 1249 manibus
569 1190 635 1250 tuis
662 1205 802 1266 semper.
845 1188 915 1250 Nec
938 1207 1011 1266 pro·

252 1284 349 1360 positi
371 1286 417 1346 tui
434 1286 582 1347 hodierni
598 1286 820 1347 obliviscaris:
842 1287 929 1364 quod
945 1289 1010 1348 heu

253 1382 351 1442 nitnis
373 1383 437 1444 cito
459 1400 518 1460 per
539 1384 698 1445 incuriam
714 1384 807 1461 perit.
843 1384 941 1446 Oculi
963 1386 1009 1446 tui

220 1497 353 1557 tosuper
387 1481 457 1541 vias
487 1491 576 1542 tuas:
612 1481 689 1559 quia
719 1481 840 1559 ubique
870 1482 1010 1542 insidiae

254 1577 357 1638 hostis
369 1577 499 1655 maligni
512 1579 551 1639 ad
562 1579 754 1656 capiendum
766 1580 891 1641 animas
903 1597 1009 1658 vagas.

254 1776 311 1836 DE
322 1774 546 1838 CVSTODIA
558 1776 727 1840 CELLAE
738 1774 789 1837 ET
800 1776 1009 1838 SENSVVM

483 1872 781 1936 EXTERIORVM.

489 2028 695 2080 CAPITVLVM
714 2031 772 2080 llll.

219 2174 244 2214 ¹⁵
254 2107 479 2328 &Vsum
502 2165 676 2243 diligenter
703 2168 818 2227 cellam
842 2175 949 2227 tuam:
978 2175 1011 2226 et

385 2264 546 2325 custodiet
567 2273 608 2325 te.
642 2262 756 2324 Tutior
769 2265 862 2324 locus
877 2281 944 2324 non
960 2273 1011 2323 est

254 2379 350 2422 servo
374 2361 434 2421 Dei
464 2361 497 2421 in
526 2363 588 2422 hoc
615 2362 753 2422 mundo:
782 2378 878 2439 quam
908 2362 1011 2421 latere

254 2461 287 2521 in
309 2470 453 2520 secreto:
476 2460 529 2520 ubi
547 2461 675 2521 Patrem
691 2470 762 2521 oret
776 2459 878 2519 libera
899 2469 1011 2519 mente

254 2559 338 2619 ostio
354 2557 494 2618 cubiculi
511 2559 632 2619 clauso.
657 2558 867 2618 Periculosus
878 2573 1012 2633 semper
1066 2587 1067 2608 2

217 2657 361 2717 aceritus
383 2658 501 2717 cellae:
523 2655 649 2717 mansio
672 2655 744 2716 eius
759 2654 854 2733 quies
869 2653 1012 2714 devotis·

254 2755 357 2815 simae
379 2754 473 2816 vitae.
507 2754 572 2832 Qui
595 2753 756 2814 assuescit
778 2753 893 2813 cellam
915 2769 1010 2812 suam
1066 2769 1067 2772 ¹

255 2853 415 2928 incolere,
444 2852 508 2913 cito
537 2867 649 2928 pacem
672 2850 780 2910 cordis
805 2849 949 2910 hauriet:
979 2860 1012 2910 et

254 2950 410 3012 tutabitur
437 2949 632 3026 apericulis
656 2947 805 3009 maximis
834 2957 866 3008 et
888 2946 1011 3007 multis.

256 3048 412 3124 Solitudo‚
428 3047 611 3108 devotionis
627 3057 677 3108 est
692 3057 810 3108 mater:
824 3047 918 3108 turba
931 3063 1012 3106 vero

217 3145 434 3206 asconturbat.
477 3145 632 3207 Christus
661 3146 715 3223 qui
738 3162 804 3205 non
826 3143 930 3220 potuit
951 3142 1012 3203 irn-

255 3243 357 3320 pediri
374 3241 407 3302 in
429 3244 539 3304 turba:
561 3243 736 3304 declinavit
749 3253 858 3303 tamen
874 3259 892 3302 a
906 3241 1012 3302 turba.

255 3339 329 3400 Vita
343 3339 496 3416 solitaria,
520 3341 590 3401 Deo
606 3351 638 3402 et
652 3339 776 3417 angelis
793 3349 898 3417 grata:
920 3338 1012 3415 pacis

254 3452 386 3512 semper
399 3437 512 3498 amica.
548 3437 614 3515 Qui
630 3446 737 3513 potest
751 3453 868 3514 capere
890 3436 1013 3513 capiat:

255 3534 420 3594 solitarius
442 3551 577 3611 regnum
602 3535 662 3595 Dei
687 3534 721 3595 in
750 3533 881 3594 silentio
903 3534 1012 3594 habet.

611 3637 652 3680 aaa
