2156 4168
368 443 486 494 adnotatio
500 445 585 486 critica.

94 575 216 637 tatibus
239 593 319 636 usus
341 585 391 636 est
412 576 463 637 bis
488 585 519 638 et
540 577 767 654 septuagiens3
796 578 854 638 cir.

94 674 170 716 cum
185 656 220 715 in
231 657 294 716 hoc
305 656 376 732 ipso
388 657 528 732 capitulo
542 661 613 733 252,
626 675 640 715 a
652 668 720 718 turn
735 661 801 734 143,
810 675 856 718 aa

94 736 227 812 capituli
250 736 346 813 primi
372 736 636 814 inscriptionem:
660 738 707 798 De
728 739 853 798 interno

96 815 215 877 Christi
237 817 398 877 locutione
418 818 462 877 ad
476 818 620 877 animam
629 817 770 894 fidelem.
802 817 853 878 An

94 898 169 957 coll.
198 897 291 1035 Rgm.
312 899 348 974 7,
377 900 418 956 23
445 897 628 974 scripturus
659 908 727 959 erat
755 898 854 974 capti·

95 982 225 1036 vantem

134 1076 211 1150 276,
231 1092 245 1132 s
266 1063 349 1134 veit¹
371 1075 457 1151 quod
486 1075 716 1151 compendium
745 1085 852 1135 utrum

94 1156 290 1215 solvendum
320 1165 409 1215 esset
436 1155 543 1214 veniet
562 1172 602 1214 an
624 1155 750 1231 veniat,
779 1172 853 1215 cum

95 1233 147 1295 Gn
158 1235 410 1311 consuluissem,
425 1235 453 1294 is
464 1234 545 1295 mihi
558 1235 743 1310 rescripsit:
757 1235 852 1296 ‘Mihi

93 1314 225 1376 videtur
238 1315 376 1375 Veniat?
404 1315 467 1375 Asc
481 1325 513 1376 et
527 1313 551 1375 S
570 1313 724 1376 exhibent
738 1316 853 1387 veniet,

94 1396 155 1456 sed
177 1395 350 1472 legendum
367 1405 417 1455 est
438 1395 544 1465 venit;
565 1413 640 1455 nam
654 1400 721 1455 veit
734 1397 854 1476 habent

94 1475 129 1534 N
136 1479 150 1534 1
168 1475 223 1546 Re,
245 1476 333 1535 venit
350 1473 374 1534 T
388 1473 440 1546 T2,
459 1485 490 1535 et
505 1475 539 1535 in
553 1475 581 1534 F
593 1486 781 1536 constanter
795 1493 853 1553 pro

95 1555 205 1615 futuro
228 1555 385 1631 scriptum
408 1565 458 1616 est
479 1555 585 1616 veniet
604 1557 657 1617 vel
679 1561 770 1627 vaiet,
795 1573 853 1632 pro

94 1635 270 1712 praeterito
286 1646 319 1696 et
333 1635 497 1712 praesenti
519 1636 608 1696 venit
627 1637 680 1696 vel
697 1641 772 1706 uait,
794 1653 852 1713 pro

94 1715 304 1776 coniunctivo
327 1716 510 1791 praesentis
539 1716 650 1775 veniat
675 1716 728 1776 vel
757 1719 852 1775 neiat.

97 1795 250 1856 Lineolae
263 1796 504 1872 superscriptae
522 1796 654 1856 ductum
670 1806 852 1856 tortuosum

94 1875 240 1936 motione
262 1876 370 1952 aliqua
387 1893 503 1936 manus
518 1877 732 1936 tremebunda
747 1886 852 1936 ortum

95 1973 172 2016 esse
194 1957 398 2016 crediderim.

155 2057 225 2130 288,
248 2072 256 2112 1
281 2052 441 2113 Pallidum
457 2052 679 2128 pusillumque
697 2064 770 2128 post
785 2053 854 2114 ecid

94 2145 252 2210 punctum
282 2151 360 2193 casu
389 2143 495 2192 ortum
520 2133 658 2192 videtur.
702 2133 746 2193 Ut
767 2134 854 2193 dele·

94 2224 195 2289 retur,
217 2212 380 2274 sententia
401 2213 633 2288 postulabatur.

133 2315 204 2386 291,
225 2327 252 2369 za
274 2317 304 2371 te
322 2311 407 2370 ANl
418 2310 463 2369 Re
476 2308 634 2380 TT2N0r‚
656 2310 767 2371 omisit
781 2311 852 2381 Asc,

93 2391 153 2451 tibi
174 2390 216 2462 S,
238 2391 293 2467 qui
316 2396 347 2451 te
367 2405 478 2451 cavere
498 2391 538 2450 ad
560 2391 698 2450 verbum
722 2407 853 2467 expres-

92 2489 168 2538 sum
198 2488 274 2531 esse
297 2470 532 2532 Germanicum
562 2469 637 2531 dicit
660 2471 759 2531 luiten
787 2487 853 2530 non

92 2552 186 2612 vidit.

132 2652 202 2724 293,
222 2665 250 2707 es
266 2648 341 2708 Luc.
360 2651 406 2723 13,
419 2665 433 2706 a
447 2647 566 2725 legitur
581 2648 769 2720 habueritis
787 2666 852 2709 non

92 2729 219 2805 egeritis
225 2744 238 2800 ;
261 2729 337 2789 Luc.
362 2732 407 2803 13,
428 2746 442 2786 s
462 2729 595 2804 egeritis.

132 2829 203 2902 294,
224 2843 251 2884 as
268 2827 403 2886 libenter
414 2844 513 2902 supra
528 2844 558 2903 p.
573 2829 634 2886 450
648 2843 746 2887 cruce
762 2843 853 2902 prae-

92 2906 199 2983 posita
227 2905 469 2982 insigniendum
499 2918 583 2982 erat,
612 2923 686 2966 cum
710 2917 741 2967 et
763 2907 852 2982 palli·

93 2987 185 3047 diore
207 2996 386 3047 atramento
409 2998 440 3046 et
456 2986 517 3046 alia
539 3004 637 3047 manu
657 2987 690 3045 in
706 2987 851 3063 margine

93 3067 252 3142 scriptum
269 3067 327 3141 sit;
349 3067 442 3127 deest
457 3067 490 3126 in
504 3066 550 3126 Re
560 3067 608 3126 Nl
625 3065 850 3136 TT2NorAsc,

93 3147 212 3223 legitur
227 3146 260 3205 in
275 3144 307 3206 S.
338 3146 373 3206 ln
386 3147 418 3206 N
422 3150 453 3222 2,
468 3163 542 3206 cum
558 3147 592 3205 in
608 3146 851 3206 commentariis

93 3227 178 3287 meis
193 3227 274 3286 nihil
290 3227 522 3302 adnotaverim,
537 3227 666 3286 videtur
681 3243 773 3302 esse3
793 3227 851 3286 sed

93 3317 321 3385 argumentum
344 3324 362 3366 e
384 3307 525 3382 silentio,
548 3308 634 3382 quod
656 3307 783 3382 dicunt,
805 3307 851 3365 lu·

134 3451 255 3458 ——.---

135 3537 143 3564 ¹
157 3535 249 3588 virgula
263 3543 315 3588 post
328 3537 389 3578 venit
402 3547 472 3589 supra
485 3534 534 3588 276,
549 3555 557 3583 1
573 3535 680 3576 deleatur.

453 3614 494 3655 195
