2142 4194
239 475 360 528 mm
431 477 469 518 ue
485 476 664 520 munione
679 478 804 522 cumsrr
874 482 1002 536 Q&

240 625 306 667 non
328 611 498 669 excedere.
534 611 674 672 Facilius
695 622 746 672 est
766 614 854 674 domi
877 615 1000 676 latere:

240 722 336 781 quam
366 706 447 766 loris
474 723 512 767 se
533 725 631 783 posse
658 709 862 772 sufficienter
888 722 1000 772 custo-

239 802 319 862 dire.
358 803 424 880 Qui
446 804 545 880 igitur
564 806 704 866 intendit
724 810 763 868 ad
786 808 943 869 interiora
965 820 1001 871 et

238 900 420 976 spiritualia
447 903 637 978 pervenire:
666 915 794 980 oportet
821 923 999 967 eumcum

215 998 314 1057 slesu
336 1017 355 1059 a
375 1000 469 1060 turba
483 1000 658 1060 declinare.
687 1001 794 1062 Nemo
809 1021 926 1064 secure
941 1022 1000 1081 ap·

238 1106 342 1171 paret:
364 1096 427 1156 nisi
451 1098 506 1174 qui
529 1099 669 1160 libenter
690 1100 776 1160 latet.
814 1101 920 1161 Nemo
944 1119 999 1162 se-

238 1210 316 1253 cure
347 1194 506 1271 loquitur:
541 1196 605 1256 nisi
638 1197 694 1273 qui
730 1198 870 1258 libenter
899 1209 997 1260 tacet.

238 1291 344 1351 Nemo
371 1309 488 1352 secure
516 1305 661 1370 praeest:
690 1295 753 1356 nisi
776 1296 831 1373 qui
854 1297 998 1358 libenter

237 1389 359 1449 subest.
390 1390 496 1450 Nemo
518 1409 635 1453 secure
657 1392 830 1469 praecipit:
852 1392 916 1452 nisi
938 1394 995 1470 qui

203 1486 996 1567 robeneoboediredidicit.Nemosecuregaudet:

237 1584 300 1644 nisi
315 1584 420 1644 bonae
436 1587 656 1649 conscientiae
671 1589 705 1649 in
720 1605 757 1648 se
767 1587 995 1648 testimonium

237 1683 362 1742 habeat.
392 1682 529 1759 Semper
543 1695 652 1746 tamen
667 1695 853 1746 sanctorum
869 1685 996 1745 securi-

237 1790 286 1839 tas
301 1780 397 1856 plena
409 1779 536 1842 timoris
549 1783 609 1843 Dei
621 1783 740 1860 extitit3
754 1799 816 1842 nec
832 1799 872 1842 eo
882 1782 995 1842 minus

236 1877 367 1937 solliciti
397 1886 429 1938 et
457 1880 600 1941 humiles
624 1881 716 1942 inse
740 1881 888 1940 luerunt:
916 1880 995 1956 quia

202 1975 363 2052 ismagnis
391 1977 565 2038 virtutibus
593 1987 626 2038 et
652 1979 755 2055 gratia
777 1978 995 2038 emicuerunt.
1063 1967 1064 1984 ¹

238 2074 416 2135 Pravorum
445 2085 553 2136 autem
582 2075 741 2136 securitas
769 2093 810 2136 ex
840 2075 995 2151 superbia

236 2181 268 2231 et
296 2173 561 2249 praesumptione
590 2173 709 2233 oritur:
740 2182 773 2233 et
800 2172 833 2232 in
864 2172 928 2232 fine
958 2172 992 2231 in
1062 2209 1063 2233 t

235 2269 462 2344 deceptionem
491 2270 542 2330 sui
572 2270 676 2346 ipsius
699 2269 846 2330 vertitur.
889 2270 994 2329 Num·
1060 2319 1062 2385 γ

235 2367 332 2442 quam
354 2367 523 2442 promittas
552 2367 608 2427 tibi
638 2367 847 2427 securitatem
874 2365 907 2426 in
931 2369 992 2426 hac

198 2481 225 2522 20
235 2463 316 2523 vita:
345 2465 495 2540 quamvis
516 2465 622 2524 bonus
645 2463 788 2524 videaris
809 2464 993 2539 coenobita,
1060 2501 1061 2539 t

235 2571 289 2620 aut
310 2561 449 2621 devotus
470 2561 615 2621 eremita.
654 2560 758 2636 Saepe
780 2562 936 2623 meliores
957 2562 992 2622 in

234 2658 461 2719 aestimatione
471 2659 655 2720 hominum:
671 2659 803 2734 gravius
817 2659 991 2736 periclitati

235 2765 311 2816 sunt
332 2766 464 2832 propter
485 2775 577 2818 suam
600 2757 733 2817 nimiam
749 2756 991 2818 confidentiam.
1058 2809 1059 2845 ἦ

234 2853 328 2913 Vnde
351 2854 462 2914 multis
491 2855 603 2914 utilius
625 2862 692 2928 est,
715 2863 837 2914 utnon
859 2855 992 2930 penitus

197 2951 500 3026 astemptationibus
522 2961 669 3028 careant,
697 2951 756 3012 sed
778 2951 910 3027 saepius
932 2951 991 3010 im·
1057 2982 1058 2997 κ

234 3061 436 3127 pugnentur3
463 3068 506 3110 ne
535 3050 672 3110 nimium
702 3048 810 3108 securi
837 3048 919 3123 sint,
948 3065 990 3108 ne

235 3148 318 3208 forte
340 3148 373 3208 in
396 3147 581 3224 superbiam
605 3147 792 3207 eleventur:
821 3163 863 3206 ne
892 3146 990 3207 etiam
1056 3134 1057 3149 ¹

234 3245 273 3305 ad
295 3245 475 3306 exteriores
498 3245 738 3307 consolationes
761 3243 914 3303 licentius
936 3244 990 3304 de·
1055 3293 1056 3303 t

234 3343 366 3404 clinent.
415 3343 444 3405 O
474 3343 529 3420 qui
561 3359 737 3419 numquam
770 3341 989 3401 transitoriam

197 3441 387 3501 solaetitiam
417 3449 605 3518 quaereret3
633 3439 688 3515 qui
713 3455 890 3515 numquam
913 3456 988 3498 cum
1054 3427 1055 3455 ¹

234 3539 355 3599 mundo
378 3556 414 3598 se
436 3546 624 3612 occuparet:
654 3552 749 3612 quam
772 3537 889 3596 bonam
913 3553 989 3596 con·
1053 3561 1054 3607 l
